3518 5430
874 337 961 394 Italia.
1598 319 1621 386 γ3

219 513 349 577 tribules
377 513 409 577 in
438 514 573 580 comitiis
601 514 728 578 tributis
756 514 835 578 nihil
859 513 1020 578 valebant.
1033 513 1058 597 1)
1089 532 1170 578 6666
1199 512 1341 595 6391640
1370 543 1407 570 =
1439 513 1622 596 11511146

218 618 251 681 L.
277 617 411 682 Caecilio
434 617 563 681 Metello
587 621 618 682 66
641 618 696 682 06.
722 619 860 682 Domitio
885 617 1095 682 Ahenobarbo
1118 616 1247 680 394336
1270 619 1385 682 civium
1408 619 1621 683 Romanorum

219 723 321 804 capita
336 737 430 785 66666
446 725 529 803 sunt,
554 740 635 786 anno
652 721 791 805 6841685
808 750 848 780 =
866 720 960 805 70169
975 725 1047 806 6666
1067 725 1172 786 tantas
1192 724 1344 786 atrocium
1365 727 1396 786 66
1416 724 1622 788 nefandorum

218 826 373 890 bellorum
396 827 505 900 caedes
529 845 548 892 a
571 825 626 892 Cn.
653 826 796 892 Cornelio
818 828 952 892 Lentulo
976 831 1008 891 et
1027 828 1061 890 L.
1083 826 1183 892 Gellio
1199 828 1358 909 Poplicola
1374 825 1503 890 910000
1519 829 1622 910 666166

219 930 251 994 16
267 931 392 994 tabulas
409 932 565 996 censorias
580 933 680 996 relata
694 933 816 1016 666661)
832 934 938 1014 166666
949 933 1067 996 civium
1082 951 1231 995 numerus
1247 933 1317 1014 plus
1334 951 1428 1013 quam
1444 934 1622 1015 geminatus

220 1038 295 1116 erat,
319 1035 364 1099 ita
384 1039 420 1099 66
440 1036 523 1101 61666
539 1037 621 1116 novi,
644 1037 719 1100 6116
735 1055 843 1101 omnes
859 1037 959 1101 tribus
975 1036 1202 1120 pervenissent,
1226 1054 1334 1100 omnes
1357 1056 1407 1100 res
1430 1037 1463 1100 in
1487 1037 1622 1100 comitiis

219 1140 346 1204 tributis
369 1141 528 1204 decertare
553 1143 646 1222 atque
669 1141 761 1204 facile
785 1141 905 1206 civibus
922 1141 1080 1206 veteribus
1096 1141 1276 1222 Romaeque
1292 1140 1372 1221 urbi,
1396 1160 1528 1222 quorum
1544 1141 1622 1204 odiis

219 1243 404 1327 flagrabant,
430 1245 618 1310 detrimenta
642 1248 673 1308 66
696 1247 905 1328 turpitudines
928 1245 1069 1328 indigere
1092 1245 1276 1326 potuissent.
1289 1245 1314 1329 8)
1346 1263 1424 1326 6666
1441 1245 1571 1310 16166166
1588 1249 1623 1308 66

221 1352 479 1430 66666666666666
503 1349 709 1432 optimatibus
733 1369 875 1414 summae
899 1369 990 1414 curae
1015 1353 1089 1413 erat.

323 1451 368 1516 At
391 1453 427 1518 P.
452 1453 608 1537 Sulpicius
631 1455 744 1535 Rufus,
768 1455 839 1519 trib.
857 1457 899 1538 pl.
917 1474 943 1518 a.
962 1453 1026 1518 666
1043 1481 1082 1510 =
1100 1451 1151 1533 88,
1175 1457 1211 1516 ut
1229 1452 1369 1517 libertini
1391 1457 1421 1517 66
1444 1455 1517 1519 6661
1540 1455 1622 1518 61666

222 1557 254 1620 16
277 1576 386 1638 omnes
410 1557 510 1621 tribus
532 1559 754 1642 reciperentur,
777 1561 881 1644 legem
896 1559 1107 1642 promulgavit
1124 1561 1154 1621 ct
1169 1558 1312 1640 per·tulit;
1337 1558 1390 1621 sed
1407 1577 1442 1622 eo
1458 1560 1525 1640 ipso
1542 1576 1623 1622 anno

222 1661 299 1726 haec
322 1662 371 1726 lex
394 1665 465 1745 post
488 1661 605 1745 Sulpici
633 1664 760 1728 caedem
782 1665 916 1728 66661666
939 1667 995 1727 666.
1029 1663 1137 1726 eodem
1160 1680 1179 1724 6
1201 1662 1235 1724 L.
1261 1661 1404 1726 Cornelio
1428 1663 1537 1744 Cinna,
1560 1681 1622 1727 cos.

222 1785 248 1830 6.
267 1765 328 1829 667
346 1793 387 1822 =
404 1763 456 1847 87,
478 1770 588 1850 rogata
612 1771 703 1841 suut3
728 1769 782 1832 sed
805 1769 972 1850 quominus
996 1785 1014 1830 6
1036 1766 1149 1849 666616
1174 1767 1389 1846 sciscerentur,
1414 1768 1492 1830 alter
1515 1769 1624 1831 consul

222 1869 277 1936 Cn.
308 1870 457 1936 Octavius
484 1871 663 1954 prohibuit;
692 1873 768 1954 quin
792 1872 888 1936 etiam
912 1871 1030 1936 Cinnae
1054 1872 1234 1935 consulatus
1259 1870 1427 1954 abrogatus
1451 1872 1624 1952 civitasque

221 1978 328 2058 erepta
355 1980 417 2056 est,
442 1979 535 2058 atque
562 1977 629 2059 ipse
657 1981 689 2042 66
715 1977 769 2058 661
798 1977 996 2060 popularium
1023 1976 1117 2040 rebus
1141 1976 1237 2039 nimio
1261 1975 1369 2038 ardore
1393 1976 1517 2039 studere
1539 1977 1624 2042 vide-

221 2080 346 2160 bantur,
371 2099 407 2143 ex
430 2080 514 2149 Urbe
539 2081 695 2146 exturbati
719 2085 801 2146 6666.
833 2085 1001 2164 66666666
1024 2099 1166 2146 66666666
1189 2098 1355 2162 rerumque
1375 2080 1490 2143 iterum
1506 2082 1624 2163 potitus

223 2186 279 2264 est,
304 2184 405 2252 Cinna
426 2185 530 2268 legem
551 2204 613 2250 non
629 2187 755 2253 iteravit
771 2205 882 2270 neque,
906 2187 959 2268 661
975 2185 1173 2270 6666166166
1190 2185 1301 2248 studiis
1318 2185 1351 2248 16
1365 2186 1454 2248 66666
1470 2185 1624 2248 honorum

221 2289 347 2372 fastigio
371 2289 541 2354 collocatus
565 2291 674 2372 fuerit,
704 2292 798 2356 saluti
822 2310 949 2356 suarum
972 2290 1111 2373 partirun
1138 2290 1336 2370 civitatisque
1360 2289 1528 2371 quicquam
1552 2308 1624 2353 con-

222 2393 336 2456 suluit:
361 2395 415 2475 qui
437 2394 531 2458 homo
554 2395 586 2459 16
609 2396 752 2478 66661661
773 2397 895 2460 6661666
918 2394 1073 2475 floruerat,
1098 2395 1161 2458 iam
1184 2394 1251 2476 ipse
1274 2394 1487 2458 dominatione
1511 2395 1626 2458 misera

222 2515 339 2562 omnes
353 2499 436 2563 cives
459 2498 630 2582 premebat.
663 2501 716 2564 illo
741 2519 830 2566 caeso
855 2500 909 2564 Cn.
934 2500 1078 2581 Papirius
1102 2498 1202 2562 Carbo
1227 2501 1258 2562 66
1281 2499 1317 2562 (16
1341 2517 1493 2563 novorum
1509 2499 1625 2564 civium

222 2606 254 2667 66
274 2585 312 2666 (16
331 2603 550 2668 libertinorum
567 2604 723 2688 suffragiis
745 2606 784 2669 ad
803 2605 954 2687 populum
975 2605 1050 2668 tulit
1073 2603 1113 2686 (a.
1132 2602 1196 2666 670
1214 2631 1250 2658 :
1269 2600 1334 2686 84).
1360 2603 1478 2667 Cinnae
1499 2606 1530 2667 66
1551 2603 1625 2666 066-

220 2706 311 2772 bonis
339 2708 425 2791 leges
454 2708 633 2772 auctoribus
661 2710 835 2774 interfectis
860 2709 932 2773 aL.
958 2708 1044 2773 Sulla
1070 2708 1181 2772 refixas
1206 2725 1274 2770 6666
1297 2710 1543 2771 consentaneum
1567 2711 1623 2770 est.

222 2810 416 2894 quaeSulla
445 2812 526 2895 ipse,
551 2832 623 2876 oum
650 2832 718 2880 rem
747 2813 906 2896 publicam
937 2812 1100 2876 dictatoria
1131 2815 1287 2894 potestate
1317 2812 1464 2895 regiaque
1495 2810 1624 2875 libidine

220 2918 352 2998 regeret,
381 2915 418 2978 de
445 2915 627 2982 Italicarum
656 2918 831 2982 civitatium
858 2917 924 2980 iure
948 2920 979 2980 66
1003 2916 1160 2999 suffragiis
1183 2916 1389 2996 constituerit,
1413 2917 1477 2978 fere
1501 2916 1624 2998 ignora-

221 3039 301 3084 mus.
338 3020 396 3085 hoc
428 3025 534 3084 autem
565 3022 656 3086 facile
689 3022 839 3086 concedes
870 3021 954 3086 huno
983 3021 1086 3084 virum
1118 3039 1180 3084 non
1212 3039 1284 3083 eum
1315 3021 1426 3099 fuisse,
1459 3021 1513 3101 qui
1543 3021 1625 3102 parti

222 3127 254 3188 66
282 3124 397 3189 rationi
428 3143 579 3190 novorum
613 3127 728 3190 civium
760 3127 892 3206 faveret,
924 3125 1112 3208 quibuscum
1143 3125 1209 3206 ipse
1240 3125 1354 3188 iterum
1386 3128 1478 3205 66666
1509 3125 1624 3187 iterum

221 3230 317 3293 armis
346 3229 575 3304 decertaverat3
603 3230 680 3293 illud
709 3248 831 3311 quoque
858 3232 982 3294 constat
1013 3230 1078 3292 eius
1108 3230 1194 3312 leges
1225 3228 1262 3291 de
1291 3229 1417 3293 civitate
1445 3229 1623 3310 municipiis

222 3334 410 3416 quibusdam
438 3333 605 3398 adimenda
632 3336 754 3398 tamdiu
783 3335 918 3408 66161666
949 3334 1098 3416 quamdiu
1128 3334 1182 3398 1116
1212 3331 1332 3398 8611661
1359 3332 1509 3414 temporis
1537 3349 1624 3395 arma

221 3439 373 3519 valerent,
397 3443 507 3522 postea
528 3442 613 3504 ratas
637 3438 763 3528 habitas
784 3459 847 3504 non
867 3458 1030 3521 essequo
1051 3439 1171 3502 factum
1193 3441 1249 3518 est,
1274 3441 1368 3501 6666
1389 3435 1534 3502 Sullanae
1555 3437 1624 3518 qui-

223 3544 403 3628 (16616666
426 3545 594 3626 quicquam
617 3545 650 3608 16
674 3544 830 3627 suffragiis
855 3545 971 3609 civium
993 3562 1145 3608 novorum
1167 3543 1380 3606 immutarent.
1410 3560 1510 3622 66666
1533 3542 1623 3604 66616

221 3649 385 3731 proximis
414 3649 496 3730 quod
520 3648 650 3728 scimus,
680 3667 760 3713 nova
782 3649 847 3712 6116
870 3649 907 3711 (16
931 3649 969 3711 116
992 3649 1129 3712 terlata
1152 3651 1213 3726 est,
1242 3650 1371 3727 rataque
1398 3647 1564 3710 valuerunt
1588 3651 1624 3707 66

207 3771 301 3838 quae
321 3754 407 3841 leges
428 3771 510 3816 anno
531 3751 594 3814 666
611 3779 651 3808 =
668 3750 708 3814 88
726 3753 899 3832 ulteriores,
923 3753 1037 3816 Iuliam
1053 3752 1121 3816 dico
1139 3755 1231 3833 66666
1246 3751 1406 3816 Plautiam
1421 3750 1589 3831 Papiriam,
1599 3749 1623 3832 1)

327 3960 347 4028 6)
366 3958 418 4014 6116
436 3976 461 4013 v.
481 3959 537 4023 ΚΤ,
556 3976 581 4028 p.
602 3962 634 4015 74
653 3974 704 4026 66.;
722 3975 747 4028 p.
767 3961 808 4022 70,
829 3962 883 4013 not.
902 3961 961 4014 249.
1618 3985 1621 3992 ·

316 4048 347 4116 ,7)
366 4065 388 4100 a.
402 4048 530 4114 63916406
549 4046 607 4099 Livi
621 4046 682 4114 6616.
694 4049 739 4109 68;
758 4063 780 4100 a.
796 4048 921 4113 68416856
940 4045 999 4100 1161
1012 4046 1074 4114 epit.
1088 4048 1129 4109 98,
1148 4045 1277 4112 Phlegon,
1295 4044 1390 4112 fragm.
1405 4044 1474 4112 apud
1487 4045 1623 4110 Photium,

221 4133 286 4193 bibl.
301 4133 357 4187 cod.
371 4138 413 4198 07,
426 4151 453 4203 6.
467 4133 535 4196 8316
554 4133 588 4188 cf.
600 4132 707 4197 Beloch,
719 4133 904 4200 Bevblkerung
923 4133 969 4186 der
988 4132 1298 4200 griechisch-rbmischen
1311 4132 1390 4194 Welt,
1409 4149 1434 4200 p.
1448 4134 1506 4187 348.
1520 4135 1569 4187 351
1585 4149 1622 4200 sq.

328 4221 348 4290 ⁸)
367 4221 482 4274 Velleius
501 4223 530 4285 2,
548 4223 595 4286 20,
614 4225 642 4276 2:
667 4220 708 4275 ‘aa
726 4223 851 4290 66166116
874 4239 965 4275 eccam
988 4221 1067 4288 (cives
1091 4236 1171 4272 novos
1195 4219 1269 4286 dicit)
1292 4225 1316 4272 61
1339 4221 1483 4273 6611116616
1509 4227 1624 4274 cererem

222 4311 323 4365 ciuium
342 4309 501 4378 obliquitatem
518 4312 655 4380 froaqeret
669 4311 785 4378 plusque
800 4315 910 4377 6666661
927 4310 1026 4377 recepti
1044 4310 1075 4361 16
1088 4309 1242 4376 beneficiam
1260 4325 1341 4375 quara
1353 4313 1474 4360 auctores
1487 4309 1622 4375 66666611.

220 4397 361 4465 Appianus
379 4395 537 4460 b.e.1,49:
556 4393 594 4446 ἵνα
613 4394 645 4464 μὴ
665 4397 713 4446 τῶν
732 4395 843 4465 ἀρχαίων
862 4394 896 4460 (οἱ
913 4395 1061 4460 vacuabitur)
1080 4393 1178 4452 πλέονες
1197 4389 1263 4452 ὄντες
1283 4392 1307 4444 ἐν
1326 4395 1377 4452 ταῖς
1395 4393 1554 4463 χειροτονίαις
1575 4395 1623 4444 ἐπ(-

222 4484 331 4552 κρατοῖεν
350 4481 472 4550 idemque
490 4481 545 4535 fere
565 4484 587 4546 1,
608 4485 649 4538 53.
1420 4527 1422 4534 .

327 4570 347 4638 1)
370 4569 456 4637 legem
480 4569 663 4638 Calpurniam,
687 4585 753 4636 quae
778 4585 831 4622 non
855 4568 971 4622 multum
994 4567 1120 4636 temporis
1143 4566 1257 4623 valuisse
1281 4566 1399 4631 videtur,
1424 4567 1531 4629 omitto;
1555 4566 1623 4620 duae

223 4657 295 4711 enim
313 4656 374 4711 illac
392 4657 486 4720 tribua,
506 4673 572 4724 quas
590 4655 620 4710 L.
638 4656 813 4724 Calpurnium
831 4656 956 4710 Pisonem
981 4673 1011 4708 ex
1035 4658 1141 4708 6666666
1165 4654 1285 4709 consulto
1304 4655 1451 4708 instituisse
1474 4671 1489 4706 a
1512 4654 1624 4706 Sisenna

223 4745 280 4814 (lib.
299 4747 323 4809 3,
341 4744 438 4812 fragm.
452 4748 492 4808 17,
511 4745 590 4798 Ρ6166
610 4769 639 4790 --
659 4744 763 4798 Nonius
782 4761 807 4812 p.
820 4746 872 4800 484
885 4761 905 4798 s.
918 4762 943 4798 v.
961 4746 1048 4798 666661
1066 4745 1106 4798 oet
1123 4743 1253 4810 66666616)
1272 4742 1342 4794 tradi
1360 4742 1410 4795 viri
1429 4742 1500 4796 docti
1518 4744 1622 4809 putant,

222 4834 272 4886 aut
294 4847 349 4886 non
372 4831 456 4884 factae
481 4834 544 4886 sunt
567 4834 614 4885 aut
637 4831 758 4900 perbrevi
783 4830 896 4886 abolitae
920 4834 990 4886 6666,
1018 4831 1070 4884 6116
1088 4830 1217 4898 quaedam
1237 4828 1320 4884 tradit
1344 4829 1376 4882 de
1398 4829 1542 4898 Calpurnia
1565 4828 1623 4895 lego

222 4918 336 4973 Sisenna
352 4922 441 4984 4,120
460 4919 504 4989 (of.
521 4922 546 4984 4,
562 4920 631 4988 119).

1383 5003 1412 5060 1*
