3518 5430
703 1313 1063 1446 ITALIA.

287 1827 330 1918 111
353 1853 463 1916 Italiae
486 1853 588 1918 forma
610 1851 820 1934 depingenda,
845 1848 998 1931 quomodo
1025 1847 1169 1912 tributim
1197 1846 1346 1929 discripta
1369 1847 1477 1928 fuerit,
1506 1846 1580 1912 eivi-

182 1959 285 2019 tatum
314 1957 377 2020 illis
404 1957 560 2020 indicibus
588 1959 658 2020 utar
686 1973 763 2036 quos
787 1953 826 2018 ab
851 1955 921 2018 divo
944 1952 1089 2038 Augusto
1112 1951 1268 2034 profectos
1290 1951 1412 2016 Plinius
1436 1952 1469 2015 in
1491 1952 1584 2015 tertio

183 2061 335 2123 naturalis
352 2060 501 2124 historiae
516 2059 597 2124 libro
613 2060 781 2124 memoriae
797 2058 967 2139 mandavit.
998 2057 1111 2139 quitus
1135 2059 1170 2119 ut
1193 2053 1263 2120 utar
1287 2057 1428 2120 animum
1450 2057 1586 2140 impellit

184 2165 265 2242 quod
281 2165 367 2228 nulla
382 2168 505 2246 praeter
521 2165 602 2228 hanc
618 2164 803 2246 plenissima
817 2163 928 2227 Italiae
946 2161 1186 2243 municipiorum
1203 2164 1234 2225 et
1249 2161 1441 2226 coloniarum
1458 2181 1585 2224 enume-

184 2268 263 2334 ratio
285 2267 374 2332 nobis
397 2269 535 2332 innotuit
559 2272 590 2332 et
610 2271 691 2350 quod
711 2268 875 2352 Augustus
891 2253 929 2330 ¹ni
949 2267 1040 2331 fallor
1061 2267 1244 2349 oppidorum
1265 2284 1344 2347 quae
1364 2285 1431 2330 rem
1446 2286 1475 2348 p.
1495 2285 1585 2330 suam

185 2370 334 2436 haberent
357 2377 560 2455 conspectum
584 2373 702 2438 iustum
726 2376 757 2436 et
781 2374 939 2455 expletum
959 2373 1065 2451 edidit,
1090 2372 1273 2453 oppidorum
1288 2371 1489 2452 vicorumque
1506 2389 1585 2453 quae

185 2491 247 2538 non
268 2477 317 2540 sui
334 2477 409 2540 iuris
431 2481 536 2541 essent
556 2479 676 2542 nullam
697 2479 889 2542 mentionem
910 2477 1025 2540 iniecit.
1037 2475 1061 2558 ¹)
1084 2479 1117 2556 1(
1133 2475 1281 2558 oppidum
1297 2494 1396 2538 unum
1413 2476 1585 2541 alterumue

184 2579 325 2642 Romana
345 2582 472 2646 civitate
493 2584 524 2644 et
544 2581 628 2644 tribu
648 2585 794 2646 ornatum
814 2584 886 2645 ante
905 2579 1043 2664 Augusti
1065 2580 1225 2643 saeculum
1246 2579 1375 2661 periisse
1398 2582 1452 2642 aut
1468 2580 1521 2644 alii
1540 2580 1586 2643 111

183 2701 212 2763 p.
236 2683 424 2748 attributum
445 2704 512 2748 esse
532 2672 644 2767 potest.
678 2685 783 2758 audi03
809 2685 862 2748 sed
883 2685 936 2765 qui
956 2685 1024 2750 ideo
1045 2683 1151 2746 credat
1168 2703 1239 2747 eum
1256 2683 1308 2763 qui
1324 2682 1462 2768 Augusti
1478 2685 1586 2747 discri-

182 2787 322 2867 ptionem
347 2789 446 2851 solam
469 2791 500 2852 et
523 2791 623 2852 totam
646 2791 794 2869 sequatur
816 2807 883 2852 rem
906 2787 1091 2852 tribuariam
1113 2787 1224 2850 ltaliae
1248 2787 1324 2850 satis
1348 2788 1499 2870 explicare
1523 2808 1586 2853 non

183 2909 284 2972 posse,
302 2891 441 2956 tribuum
457 2895 637 2958 testimonia
653 2914 689 2956 11
702 2897 803 2958 aetate
819 2894 864 2957 rei
879 2914 909 2976 p.
922 2892 1038 2957 liberae
1054 2912 1126 2955 cum
1141 2910 1292 2974 perquam
1307 2910 1378 2956 rara
1390 2894 1429 2954 ad
1445 2897 1585 2958 nostram

184 2999 320 3059 aetatem
333 2997 509 3062 manauisse
522 3003 591 3062 tum
604 3000 642 3064 ad
655 2999 815 3063 civitatem
828 2998 976 3078 aliquam,
990 3015 1069 3078 quae
1083 3000 1154 3060 ante
1166 2995 1348 3080 Augustum
1365 2997 1584 3079 imperatorem

184 3101 344 3164 evanuerit
357 3105 389 3164 et
400 3101 563 3184 interierit,
580 3107 663 3167 certo
676 3103 789 3166 iudicio
801 3103 910 3166 referri
926 3121 988 3166 non
1000 3120 1091 3185 posse
1108 3102 1263 3186 neglegat.
1281 3100 1445 3186 Augustus
1458 3102 1584 3166 Italiam

183 3206 329 3267 cunctam
352 3205 384 3268 in
408 3207 552 3270 undecim
576 3209 718 3292 regiones
742 3208 858 3288 divisit,
882 3226 954 3287 non,
978 3207 1060 3288 quod
1082 3225 1131 3272 vr.
1149 3207 1198 3269 dd.
1225 3205 1352 3287 quidam
1375 3207 1583 3288 coniecerunt,

183 3325 221 3368 ne
238 3305 445 3372 dinumeratio
467 3311 660 3392 oppidorum,
685 3330 779 3393 quam
803 3312 835 3374 in
859 3311 1093 3375 commentariis
1118 3310 1182 3374 suis
1205 3310 1346 3392 protulit,
1369 3329 1481 3392 parum
1504 3310 1583 3374 dilu-

184 3409 252 3476 cida
268 3415 360 3492 esset,
369 3413 394 3496 ²)
412 3415 466 3477 sed
481 3415 526 3478 rei
541 3435 570 3497 p.
589 3435 625 3479 111
645 3417 749 3480 nescio
766 3434 827 3498 qua
850 3418 938 3498 parte
961 3414 1118 3499 gerundae
1139 3414 1276 3498 11111113)
1299 3415 1462 3497 regionum
1478 3419 1584 3479 autem

183 3513 260 3578 fines
284 3516 329 3579 ita
352 3515 528 3602 designarit
551 3523 581 3583 et
609 3522 805 3602 terminarit,
833 3524 868 3584 ut
890 3520 1076 3602 populorum
1098 3519 1272 3601 priscorum
1295 3521 1583 3603 consanguinitates

182 3620 367 3702 respicerem
397 3624 479 3702 quod
507 3624 632 3705 quidem
660 3625 787 3689 ltaliam
815 3624 960 3688 tributim
988 3623 1171 3687 discribenti
1197 3623 1338 3705 prodest,
1363 3642 1435 3687 cum
1459 3625 1583 3707 saepius

185 3723 314 3807 singulis
338 3727 480 3808 gentium
504 3728 645 3792 confiniis
670 3730 812 3812 singulae
836 3729 935 3793 tribus
965 3729 1199 3803 contineantur;
1229 3731 1368 3792 attamen
1397 3728 1450 3792 ubi
1477 3731 1584 3812 populi

185 3827 313 3904 alicuius
346 3848 419 3912 ager
450 3831 564 3896 finibus
594 3835 758 3918 regionum
787 3834 1037 3920 Augustearum,
1069 3835 1176 3915 quales
1208 3853 1244 3896 er
1273 3833 1376 3897 Plinio
1408 3837 1582 3916 compertas

184 3929 345 4014 habemus,
364 3935 529 4017 dirimitur,
551 3941 586 4000 ut
602 3939 667 4022 agri
687 3943 792 4021 partes
808 3940 841 4002 in
857 3958 956 4002 unum
971 3939 1187 4018 restituantur,
1211 3938 1351 4001 Plinium
1366 3941 1401 4000 ut
1417 3938 1583 4022 neglegam

184 4051 247 4096 non
269 4040 516 4123 commoveor34)
539 4041 600 4106 dux
623 4043 707 4106 enim
730 4044 783 4106 illo
807 4044 948 4126 neglecto
972 4043 1026 4106 ubi
1049 4042 1138 4106 nobis
1163 4042 1285 4106 aderit?

288 4209 307 4277 1)
326 4209 358 4263 cf.
377 4209 484 4276 Beloeh,
503 4213 563 4268 Ital.
583 4214 663 4268 Bund
682 4213 779 4284 (1880),
798 4231 824 4284 p.
844 4217 857 4269 1
879 4230 947 4282 sqq.;
970 4213 1113 4278 Burmann,
1135 4214 1340 4282 Bemerlrungen
1358 4232 1378 4269 a.
1399 4215 1466 4269 sehr.
1485 4213 1580 4267 Nachl.

182 4293 206 4347 d.
220 4293 252 4349 K.
266 4295 404 4364 Augustus
417 4300 513 4369 (1884),
527 4318 552 4370 p.
567 4301 795 4366 caticuminum,
809 4302 878 4356 Plin.
893 4301 1005 4354 Studien
1019 4301 1114 4370 (1880),
1128 4318 1153 4370 p.
1164 4304 1209 4364 573
1222 4301 1379 4364 Mommsen,
1392 4301 1453 4355 Ital.
1465 4302 1580 4368 Biirger-

181 4381 301 4436 colonien
321 4384 442 4452 (Hermes
462 4389 501 4451 18,
523 4389 597 4452 1883,
618 4392 668 4444 205
687 4389 736 4457 sq.)
760 4388 857 4458 oppida
881 4391 937 4442 tam
961 4388 1001 4441 sui
1019 4389 1085 4442 iuris
1104 4404 1183 4456 quam
1202 4389 1261 4442 ¹aliis
1279 4389 1409 4443 attributa
1428 4388 1579 4442 civitatibus

181 4467 213 4521 ab
231 4469 353 4538 Augusto
371 4475 521 4540 promiscue
539 4475 573 4535 in,
587 4477 791 4530 commentarios
810 4475 893 4540 relata
911 4493 965 4528 esse
985 4475 1130 4539 contendit.
1453 4531 1454 4536 ,

285 4558 305 4626 2)
323 4558 520 4630 Hoisterbergk,
540 4563 626 4616 Ueber
644 4564 749 4618 Namen
768 4564 825 4617 und
842 4563 946 4632 Begriff
962 4562 1006 4616 des
1025 4563 1071 4618 Ius
1089 4563 1216 4618 Italicum
1235 4564 1331 4634 (1885),
1349 4580 1375 4633 p.
1386 4565 1436 4618 68.

193 4649 195 4654 “
284 4647 304 4713 ³)
324 4646 354 4701 Τ.
367 4647 544 4716 Vespasianus
561 4648 705 4718 imperator
724 4651 830 4718 eiusque
853 4651 923 4704 filius
946 4651 1050 4704 tabulas
1074 4652 1204 4704 censorias
1223 4651 1339 4719 Augusti
1357 4651 1478 4719 regiones
1497 4649 1580 4703 secuti

183 4731 405 4800 conscripserunt3
422 4735 455 4789 cf.
469 4750 535 4802 quae
547 4736 658 4800 Plinius,
672 4740 726 4791 nat.
735 4738 804 4792 ‘hist
818 4741 841 4802 7,
854 4739 990 4793 lca-164
1003 4740 1030 4790 11
1040 4737 1169 4806 Phlegon,
1183 4737 1280 4807 fragm.
1295 4741 1329 4793 29
1341 4737 1440 4790 Miiller
1457 4737 1489 4790 de
1504 4735 1580 4804 long-

182 4816 251 4868 aevis
268 4823 385 4889 rcptoaa's
404 4829 512 4878 octavae
531 4840 561 4876 111
578 4824 631 4876 11111
649 4824 747 4878 tabulis
766 4826 908 4878 memoriae
926 4824 1113 4895 prodiderunt.

284 4907 304 4974 ⁴)
321 4907 350 4960 in
367 4909 522 4963 Interamna
539 4912 787 4965 Praetuttianorum
805 4913 878 4967 etin
896 4913 1007 4970 Tiburte
1026 4915 1053 4965 et
1071 4914 1100 4966 in
1119 4913 1177 4966 aliis
1196 4912 1309 4982 oppidis.

231 5000 415 5055 Kubitsohek‚
431 5006 544 5057 imperium
558 5009 676 5048 Romanum
691 5008 790 5049 tributim
805 5008 939 5059 discriptum.
1359 5004 1372 5056 l
