3518 5430
141 280 163 344 4
799 294 885 350 Italia.

139 472 304 535 iusserant.
329 473 393 534 iam
409 473 482 536 vero
499 470 589 535 nobis
606 474 654 535 est
670 471 909 552 anquirendum,
933 490 1013 554 qnae
1029 471 1090 536 ista
1106 471 1233 552 fuerint,
1261 490 1340 553 quae
1356 472 1406 536 his
1421 471 1545 557 legibus

143 576 264 640 sancita
287 578 370 640 sunt.
795 569 803 576 ’
1570 657 1572 660 ¹

243 681 353 744 Italiae
372 680 458 744 Pado
480 699 572 744 amne
592 681 745 744 citerioris
766 681 910 745 tributim
931 681 1098 763 discriptae
1118 680 1219 744 forma
1244 684 1280 745 ut
1300 700 1363 746 non
1386 681 1545 746 ita-nobis

141 786 287 866 innotuit,
308 789 344 848 ut
360 784 397 847 de
414 784 555 848 tribuum
572 785 604 848 in
620 785 741 868 oppidis
758 786 935 867 frequentia
956 786 1032 848 satis
1054 789 1174 849 eertum
1195 786 1346 851 indicium
1366 786 1432 849 fieri
1453 779 1545 869 posse

139 891 292 969 videatur,
317 890 361 953 sio
377 890 415 952 de
432 889 608 954 eivitatium
628 890 823 974 singularum
841 889 1085 970 condicionibus,
1109 910 1188 972 quae
1205 892 1322 955 fuerint
1338 895 1410 955 ante
1426 891 1545 955 bellurn

140 995 323 1075 Marsicum,
346 1011 458 1076 parum
483 994 583 1058 edocti
611 1013 720 1057 sumus
743 1013 917 1077 parumque
940 995 1066 1078 cognita
1089 999 1172 1074 sunt,
1196 1013 1275 1077 qnae
1291 1015 1341 1059 res
1356 1015 1411 1078 per
1426 996 1546 1060 bellum

140 1100 244 1181 ipsum
272 1102 380 1182 gestae
409 1098 481 1161 sint.
511 1116 590 1180 quae
618 1116 809 1180 quamquam
837 1099 881 1162 ita
909 1117 941 1161 se
969 1098 1097 1178 habent,
1122 1102 1229 1163 tamen
1253 1101 1420 1164 nonnullas
1443 1091 1545 1163 tribus

139 1205 273 1268 rusticas
295 1202 341 1285 (in
362 1201 490 1266 urbanis
511 1204 595 1267 enim
616 1222 679 1267 non
699 1206 748 1267 est
768 1205 849 1284 quod
871 1203 910 1267 ad
931 1222 987 1267 nos
1004 1223 1087 1266 nunc
1102 1204 1272 1288 pertineat)
1296 1205 1384 1269 nouis
1401 1213 1437 1268 ex
1453 1205 1546 1268 ltalia

140 1309 260 1374 civibus
277 1311 349 1390 post
360 1306 480 1371 bellum
493 1308 605 1371 sociale
618 1308 743 1371 finitum
755 1309 934 1390 praeclusas
947 1327 1015 1371 esse
1030 1326 1130 1390 prope.
1142 1309 1365 1391 intellegimus,
1380 1309 1545 1373 Camiliam

139 1413 318 1479 Romuliam
342 1413 429 1475 alias.
463 1413 496 1476 in
519 1415 637 1476 ceteras
655 1413 730 1476 socii
745 1412 880 1496 ingressi
897 1416 971 1476 sunt
994 1413 1119 1496 agmine
1143 1416 1178 1476 ut
1201 1413 1245 1476 ita
1269 1414 1370 1476 dicam
1395 1415 1546 1492 conferto,
1641 1443 1644 1449 Δ

140 1521 234 1598 atque
261 1516 396 1580 maxime
424 1517 563 1580 conferto
591 1518 614 1580 ii
640 1517 694 1599 qui
722 1517 823 1581 aerius
852 1520 961 1581 contra
987 1517 1146 1582 Romanos
1169 1521 1395 1600 pugnauerant.
1429 1535 1490 1600 qua
1511 1537 1545 1580 re

140 1622 266 1704 cognita
294 1621 447 1684 adductus
477 1639 563 1702 sum,
591 1624 628 1685 ut
656 1622 755 1685 socios
783 1622 836 1703 qui
863 1622 1053 1686 defecissent
1080 1623 1114 1685 in
1137 1625 1206 1686 octo
1229 1623 1330 1685 tribus
1354 1621 1545 1704 (Arnensem

140 1726 373 1790 Clustuminam
403 1726 534 1790 Fabiam
562 1726 728 1790 Falernum
755 1725 914 1791 Galeriam
945 1727 1146 1808 Pomptinam
1177 1725 1317 1810 Sergiam
1348 1726 1545 1809 Voltiniam),

140 1831 239 1894 socios
263 1831 317 1913 qui
339 1831 372 1894 in
394 1831 454 1894 fide
479 1835 510 1894 et
530 1831 632 1895 officio
655 1832 848 1895 mansissent
870 1831 903 1895 in
923 1832 1001 1895 alias
1018 1827 1093 1914 'plus
1117 1831 1221 1894 minus
1244 1831 1421 1912 quindecim
1445 1830 1545 1893 tribus

140 1935 323 2000 distributos
347 1936 589 2020 conicerem;¹⁰)
614 1936 667 1998 sed
690 1936 853 2000 restabant
872 1953 981 2019 pauca,
995 1933 1085 2017 ¹qnae
1106 1936 1150 1998 ita
1166 1936 1313 2017 explicari
1329 1954 1391 1998 non
1406 1938 1545 2017 possent,

139 2040 287 2104 Menenia
307 2041 340 2103 in
361 2039 529 2122 Campanis
551 2040 748 2121 quibusdam,
772 2041 904 2104 Horatia
924 2041 956 2104 in
976 2040 1157 2120 Venusinis,
1181 2039 1331 2103 Fabiam
1352 2039 1545 2103 Albensibus

140 2144 332 2208 Fucentibus
356 2148 386 2208 et
409 2145 441 2208 in
464 2144 670 2225 Lucensibus,
695 2145 826 2226 aliaque.
840 2146 879 2229 ¹¹)
910 2148 1051 2208 attamen
1073 2144 1117 2210 rei
1135 2144 1305 2212 tribuariae,
1326 2144 1432 2227 legum
1456 2145 1546 2207 annis

138 2249 204 2312 664
219 2277 254 2306 z
270 2248 313 2312 90
329 2248 487 2314 eroes:
501 2248 711 2314 salassorum
728 2251 961 2335 cognoscendae
977 2253 1079 2315 totum
1092 2250 1150 2313 lroe
1163 2249 1328 2313 consilium
1345 2250 1545 2312 strationem

139 2373 266 2438 prorsus
281 2355 480 2418 immutanda
496 2374 564 2418 esse
581 2373 779 2437 nequaquam
795 2374 922 2419 censeo:
947 2356 1000 2419 sed
1023 2373 1123 2437 pauca
1144 2355 1235 2418 aliter
1254 2343 1440 2437 proferenda
1459 2357 1543 2435 puto.

245 2459 437 2542 Scriptorum
452 2464 605 2541 veterum,
622 2461 676 2542 qui
692 2461 729 2524 de
745 2481 778 2524 re
794 2461 945 2525 tribuaria
960 2462 1067 2544 legum
1083 2461 1182 2524 Iuliae
1199 2463 1230 2523 et
1245 2460 1387 2524 Plautiae
1402 2459 1544 2540 Papiriae

140 2565 177 2628 de
208 2565 334 2630 civitate
366 2565 458 2628 sociis
489 2565 591 2629 danda
622 2565 739 2646 aliquid
770 2566 940 2630 memoriae
970 2565 1176 2645 tradiderunt,
1208 2565 1268 2628 duo
1286 2563 1392 2627 nobis
1420 2551 1543 2640 adsunt,

140 2670 334 2733 Velleius-et
353 2668 527 2752 Appianas.
557 2670 611 2733 sed
635 2689 704 2734 earn
727 2690 795 2734 rem
818 2671 850 2734 in
874 2671 1032 2736 diuersum
1056 2670 1180 2734 trahere
1203 2670 1362 2742 ridentum
1387 2667 1438 2730 hio
1462 2655 1544 2729 enim

142 2774 174 2838 in
203 2775 310 2837 decern
338 2775 388 2839 vel
417 2775 596 2857 quindecim
620 2775 737 2856 tribue,
766 2777 831 2840 sive
860 2794 958 2841 novae
987 2776 1115 2840 fuerunt
1138 2763 1314 2858 (Weiland)
1337 2773 1401 2838 sive
1416 2774 1546 2836 ueteres

140 2877 335 2961 (Merimde),
364 2879 463 2942 socios
490 2882 631 2961 receptos
660 2899 729 2944 esse
756 2880 847 2961 dicit,
871 2880 923 2942 ille
946 2880 979 2944 in
1003 2879 1197 2943 octobribus
1221 2877 1405 2942 distributos
1427 2867 1544 2939 narrat.

142 2983 196 3046 sed
223 2983 256 3046 in
284 2983 343 3047 hae
370 3004 403 3046 re
431 2985 526 3048 nimis
553 2984 701 3049 intricata
730 2987 761 3049 et
788 2987 945 3065 contorta,
964 2977 1006 3048 ⁴in
1033 3001 1096 3067 qua
1124 2985 1255 3065 quisque
1284 2983 1350 3045 eins
1378 2969 1432 3063 qui
1456 2984 1547 3044 antea

142 3089 310 3170 scripserat
338 3089 528 3153 sententiam
552 3088 744 3172 reprobavit,
768 3089 847 3154 mihi
871 3109 909 3153 ne
937 3089 1151 3173 longusliam
1179 3077 1443 3151 liceat-omittere
1467 3101 1546 3164 quae

141 3194 259 3277 priores
284 3197 501 3276 exposuerunt.
1088 3183 1092 3190 ’

246 3297 294 3362 Αο
311 3298 437 3380 quidem
453 3298 586 3362 initium.
597 3316 687 3362 sumo
704 3298 742 3362 ab
759 3297 915 3382 Appiano,
939 3299 993 3380 qui
1010 3298 1048 3361 ad
1070 3317 1188 3361 annum
1210 3297 1300 3360 illum
1328 3293 1406 3377 (664
1422 3320 1462 3349 =
1479 3290 1545 3376 90),

141 3421 203 3485 quo
220 3404 385 3464 Ἰταλιωτῶν
399 3453 405 3466 .
421 3451 428 3464 .
443 3451 449 3464 .
462 3403 524 3477 τοὺς
546 3405 584 3464 ἔτι
599 3403 629 3462 ἐν
645 3409 678 3486 τῇ
695 3405 838 3487 συμμαχίᾳ
852 3405 1061 3485 παραμένοντας
1077 3404 1239 3482 ἐψηφίσαντο
1256 3399 1295 3483 (οἱ
1311 3396 1458 3481 Ῥωμαῖοι)
1477 3394 1545 3457 εἶναι

142 3507 270 3587 πολίτας,
295 3501 325 3568 οὗ
350 3507 384 3583 δὴ
408 3509 529 3583 μάλιστα
552 3511 634 3584 μόνου
657 3511 756 3580 πάντες
780 3509 938 3584 ἐπεθύμουν.
969 3506 1016 3568 καὶ
1038 3507 1105 3568 τάδε
1129 3507 1159 3579 ἐς
1181 3505 1335 3586 Τυρρηνοὺς
1349 3487 1544 3584 περιέπεμπον,

143 3612 169 3672 οἱ
192 3612 224 3672 δὲ
248 3613 361 3688 ίίομενοι
384 3617 434 3686 τῆς
457 3613 600 3685 πολιτείας
624 3611 847 3690 μετελάμβανον.
871 3611 918 3674 καί
933 3613 999 3696 τῇδε
1012 3619 1047 3696 τῇ
1062 3615 1152 3692 χοίριτι
1172 3613 1189 3686 ἡ
1207 3611 1295 3686 βουλὴ
1311 3609 1372 3680 τοίνς
1389 3610 1439 3685 μὲν
1450 3596 1546 3679 ἐὔνους

144 3719 333 3796 εὐνουστέρους
357 3715 492 3796 ἐποίησεν,
513 3717 576 3789 τοίνς
600 3717 631 3777 δὲ
656 3717 845 3790 ἐνδοιάζοντας
869 3718 1071 3797 ἐβεβαιώσατο,
1099 3717 1161 3789 τοὺς
1190 3715 1221 3776 δέ
1242 3714 1440 3792 πολεμοῦντας
1455 3712 1547 3776 ἐλπίδι

143 3820 192 3882 τινί
206 3828 260 3881 τῶν
274 3821 374 3897 ὁμοίων
386 3824 552 3903 πραοτέρους
566 3822 734 3906 ἐποίησε,11)
750 3821 827 3885 haee
844 3823 881 3885 de
898 3821 1042 3885 tribubus
1059 3823 1184 3884 enarrat
1200 3818 1233 3901 (ί.
1248 3837 1272 3881 c.
1290 3815 1401 3900 1,49);
1416 3817 1548 3892 Ῥωμαῖοι

116 3967 123 3976 ,
145 3927 195 4001 μὲν
212 3925 247 4004 δὴ
262 3927 357 3986 τούσδε
374 3926 436 3999 τοὺς
451 3925 614 3998 νεοπολίτας
630 3927 679 3987 ουκ
697 3927 726 3998 ἐς
740 3927 789 3999 τὰς
808 3929 889 3986 πέντε
909 3925 956 3986 καὶ
976 3929 1121 4006 τριάκοντα
1136 3913 1222 4005 ρυλὰς
1239 3924 1269 3983 αἲ
1286 3924 1346 3982 τότε
1366 3906 1440 4002 ἦσαν,
1459 3925 1548 3993 αὺτοῖς

143 4028 309 4111 κατέλεξαν,
332 4031 375 4090 ἵνα
399 4032 437 4107 μὴ
461 4038 514 4091 τῶν
537 4031 660 4111 ἀρχαίων
682 4031 800 4104 πλέονες
824 4032 900 4106 ὄντες
924 4031 953 4091 ἐν
974 4033 1033 4103 ταῖς
1058 4017 1242 4109 χειροτονίαις
1257 4029 1432 4110 ,ἐπικρατοῖεν
1447 4048 1453 4061 ·
1471 4027 1549 4088 ἀλλὰ

145 4136 215 4195 δέκα
236 4134 368 4218 caveae)
392 4132 532 4216 ἀπέφηναν
556 4137 665 4218 ἑτέρας,
692 4137 721 4196 ἐν
749 4129 793 4209 οἷς
821 4138 1006 4219 ἐχειροτόνουν
1034 4136 1154 4214 ἔσχατοι.
1183 4134 1230 4198 καί
1251 4135 1392 4218 πολλάκις
1419 4135 1506 4196 αίντῶν
1529 4133 1546 4206 ἡ

250 4360 281 4430 11)
299 4359 354 4423 ΚΤ,
368 4376 393 4427 p.
408 4360 441 4415 65
455 4374 511 4426 sqq.
532 4358 564 4412 de
577 4359 711 4413 sociorum
730 4359 879 4414 infidelium
898 4351 1033 4428 suffragiis
1049 4347 1268 4412 idemfiiudieium
1286 4348 1351 4411 tulit
1368 4356 1476 4434 Beloch,
1495 4343 1550 4410 Der

144 4448 200 4502 ital.
218 4446 306 4512 Bnnd,
324 4464 350 4516 p.
369 4449 403 4502 40
422 4462 478 4514 sqq.
1466 4457 1467 4462 ¹

250 4529 634 4603 QQpfflssmM

251 4623 281 4690 ¹²)
299 4637 394 4690 nempe
412 4621 471 4691 lege
488 4621 571 4677 Julia.

251 4708 281 4777 ¹¹)
300 4709 466 4770 δεκατεὺοντες
486 4710 557 4778 quod
575 4709 693 4762 traditur
712 4708 851 4776 Musgrave
870 4708 1019 4761 Mommsen
1039 4708 1085 4761 alii
1104 4711 1174 4762 recte
1193 4706 1312 4759 reiecisse
1331 4706 1396 4761 mihi
1414 4697 1547 4759 videntur:

146 4812 287 4849 numerum
307 4795 422 4862 aliquem
440 4799 468 4850 in
488 4798 540 4850 ista
559 4796 709 4865 corruptela
728 4795 833 4848 subesse
853 4798 969 4863 apparet.
995 4797 1065 4862 quod
1084 4796 1224 4862 Musgrave
1242 4795 1388 4863 proposuit,
1408 4794 1474 4855 δέκα,
1494 4797 1547 4844 non

145 4885 185 4936 est
203 4882 336 4950 quomodo
355 4883 430 4937 nobis
448 4883 575 4951 probetur
587 4885 641 4937 sive
654 4900 684 4936 err
702 4883 846 4949 scripturae
865 4883 894 4935 in
913 4883 1047 4936 codicibus
1059 4880 1178 4950 vestigiis
1196 4883 1251 4935 siue
1268 4871 1298 4934 ex
1309 4879 1547 4935 tributim‘ltalide
