3586 5432
786 289 946 383 Macedonia.
1500 307 1561 372 241

277 508 320 576 Ut
346 508 440 592 igitur
467 508 547 571 hanc
570 506 785 588 quaestionem
808 505 942 584 mittam,
965 505 997 568 in
1021 521 1116 586 quam
1139 502 1240 567 acrius
1263 500 1419 582 inquirere
1442 518 1504 566 nen
1527 519 1563 564 er

173 634 207 678 re
235 613 391 678 ridebitur
417 611 599 695 priusquam
622 610 760 674 virorum
786 609 946 672 doctorum
975 607 1086 672 studiis
1115 610 1146 671 et
1171 604 1335 670 itineribus
1362 603 1564 669 Macedoniae

174 718 350 800 provinciae
380 715 581 798 antiquitates
612 715 786 778 illustratae
817 715 847 777 et
876 712 1051 794 patefactae
1082 713 1318 793 compertaeque
1346 712 1437 772 emnt
1462 745 1505 754 —
1532 707 1564 772 id

174 821 257 904 quod
281 839 342 885 non
365 821 410 884 ita
434 821 532 884 multo
556 822 626 902 post
648 819 767 882 facturn
790 817 827 881 iri
851 834 974 898 sperare
997 816 1045 879 faa
1069 817 1180 880 est-
1202 814 1261 878 hae
1284 813 1384 878 tribus
1405 832 1476 877 cum
1495 812 1565 877 Ma

174 925 312 990 cadoniis
336 925 455 1007 oppidis
478 923 644 988 coniuncta
665 921 769 1004 putari
791 923 936 1003 possunt:

279 1031 402 1090 Aemilia
424 1047 488 1089 eum
514 1029 618 1089 Dobiro
640 1031 669 1088 et
691 1027 866 1104 Dyrrhachio
888 1030 918 1086 et
940 1026 1033 1086 Stobis

279 1118 368 1177 Fabia
389 1136 453 1176 cum
474 1117 613 1176 Heraclea
635 1116 751 1176 Sentice

279 1205 388 1263 Maecia
409 1222 473 1263 eum
495 1203 652 1278 Pelagonia

282 1291 411 1366 (Papiria
433 1308 497 1349 cum
520 1291 698 1349 Cassandrea
719 1291 749 1347 et
771 1288 856 1364 utor)

283 1378 404 1449 Quirina
425 1395 489 1436 cum
512 1377 642 1436 Eordaea

282 1465 396 1540 Scaptia
418 1482 481 1523 eum
504 1465 622 1522 Stobera

280 1551 410 1610 Voltinia
431 1569 495 1609 cum
517 1550 659 1624 Philippis

282 1771 454 1827 Berrhoea:
472 1771 576 1826 Plinius
589 1775 642 1826 nat.
656 1773 717 1826 hist.
731 1773 755 1836 4,
768 1773 801 1827 33
819 1771 888 1825 inter
899 1769 1021 1841 ‘oppida‘
1032 1770 1125 1837 habet3
1145 1771 1189 1825 ΕΕ
1201 1774 1225 1832 4,
1245 1771 1321 1827 3940
1334 1773 1350 1826 6
1367 1772 1472 1841 (diffie)
1484 1772 1571 1827 Beroe

178 1857 231 1913 dici
255 1859 368 1913 videtur.
391 1889 424 1898 -
447 1878 462 1929 γ
485 1860 505 1914 G
528 1861 552 1922 3,
575 1861 626 1916 506
648 1857 696 1898 ‘--
720 1860 754 1914 L.
777 1859 886 1914 Octauio
902 1860 906 1924 Ι
921 1858 955 1912 L.
978 1860 999 1926 s.
1023 1857 1307 1930 Aera.l1tasolso';
1333 1858 1441 1912 ultimas
1466 1858 1570 1912 litteras

175 1949 234 2014 s(a'
244 1947 331 2016 )q(as)
353 1963 408 2000 esse
425 1946 574 2000 Mommsen
591 1946 788 2016 interpretatur,
812 1944 857 1998 sed
874 1945 959 2014 possis
981 1945 1074 2014 opinor
1092 1945 1172 1998 etiam
1190 1945 1222 1998 de
1239 1945 1340 2015 patriae
1358 1946 1463 2000 nomine
1482 1946 1570 2000 neseio

177 2049 230 2101 quo
249 2033 373 2102 cogitare.

223 2261 343 2346 nyma

282 2384 401 2448 Plinius
431 2386 496 2448 nat.
526 2383 599 2448 hist.
631 2379 661 2464 3,
691 2381 734 2446 35
762 2380 1008 2447 Baltideasiam
1038 2383 1190 2448 coloniam
1221 2387 1382 2448 enumerat
1409 2402 1571 2448 unacum

179 2488 361 2562 Diensibus;
389 2487 526 2552 eiusdem
549 2488 665 2552 mentio
688 2487 725 2551 fit
746 2488 778 2551 in
801 2488 999 2571 inscriptione
1021 2487 1193 2570 Byllidensi
1216 2485 1293 2568 03,
1316 2485 1381 2552 600
1403 2489 1519 2553 saeculi
1540 2489 1572 2552 Π

178 2593 364 2675 incipientis.

285 2718 298 2757 ε
321 2699 341 2757 O
365 2704 394 2770 3,
420 2703 481 2758 600
506 2699 558 2757 ‘M.
579 2703 704 2757 Valeriae
726 2703 769 2758 M.
787 2703 814 2772 f.
843 2703 918 2767 Qaa'r.
942 2703 1096 2773 Lollianas,
1119 2702 1277 2773 praefertas
1300 2702 1436 2774 cotardia)
1460 2705 1481 2758 I
1498 2704 1572 2777 Apa·

181 2809 315 2846 naamam
341 2784 571 2861 admittentium]
598 2788 766 2860 apsidatas),
793 2785 869 2856 cet),
898 2785 947 2859 qui
970 2785 1053 2844 ‘aiam
1074 2791 1224 2860 publicam,
1253 2808 1323 2861 qaae
1349 2809 1367 2845 a
1394 2790 1442 2846 col.
1467 2793 1571 2863 Byllid.

176 2897 230 2949 per
252 2879 379 2933 Astaciae
400 2872 493 2948 daeit’,
517 2872 640 2931 munivit
662 2875 821 2948 pontesque
843 2873 877 2930 de
900 2890 951 2932 suo
973 2872 1050 2932 feeit.

225 3095 448 3164 Cassandrea
471 3093 678 3181 (Potidaea)
1360 3097 1530 3183 Papirlet

284 3216 441 3280 coloratam
456 3215 580 3280 Iuliam
602 3214 782 3302 Aapastam
803 3214 1039 3280 Cassandream
1054 3218 1142 3281 numi
1164 3219 1311 3299 permulti
1327 3219 1397 3283 inde
1413 3239 1432 3284 a
1448 3219 1574 3284 Claudio

182 3323 255 3405 imp.
272 3323 423 3396 vacuane
447 3321 566 3386 Plinius
590 3324 653 3385 nat.
670 3322 740 3385 hist.
765 3320 796 3402 4,
820 3319 861 3383 36
885 3319 1056 3405 ‘quomdam
1070 3319 1237 3397 Potidaea,
1260 3344 1346 3384 daec
1371 3321 1574 3386 Cassandrea

184 3424 329 3488 cotoaa'a’.

286 3531 303 3608 β
325 3535 374 3592 ME
392 3541 421 3604 2,
440 3539 521 3594 1048
539 3533 589 3593 ‘M.
604 3537 712 3593 Valeria
727 3539 770 3592 M.
780 3538 807 3607 f.
825 3539 897 3608 Pap.
916 3538 1022 3609 Rapar,
1039 3535 1154 3608 acd(ila'),
1172 3536 1340 3609 quamdam),
1365 3541 1402 3594 ΙΙ
1413 3539 1495 3610 uir(c)
1511 3568 1524 3580 -
1541 3535 1574 3596 -’.

227 3755 337 3823 Ilium
353 3795 355 3800 ·

287 3879 406 3943 Plinius
430 3882 492 3943 nat.
517 3880 588 3944 hist.
613 3878 644 3960 4,
667 3877 709 3943 35
724 3877 898 3942 Dieasiam
920 3877 1078 3941 coloniam
1101 3883 1264 3960 memorat,
1286 3881 1363 3944 item
1377 3880 1576 3944 Ptolemaeus

185 3979 215 4063 3,
240 3980 290 4062 12,
315 3980 364 4046 12.
403 3984 484 4064 quod
513 3985 546 4048 in
573 3984 808 4049 numoTibe1·ii
835 3983 955 4066 (Cohen
981 3982 1013 4044 1²
1035 4003 1064 4066 p.
1080 3982 1145 4047 205
1168 4004 1197 4048 11.
1218 3981 1293 4066 184)
1325 3981 1462 4046 ‘micaria
1484 3981 1577 4045 Iulia

184 4083 326 4148 Mensis
350 4089 406 4167 est,
430 4087 462 4150 in
477 4086 649 4152 Domitiani
672 4091 702 4151 et
723 4088 901 4171 posterioris
924 4088 1034 4150 aetatis
1057 4087 1280 4170 imperatorum
1301 4088 1403 4151 numis
1427 4086 1494 4150 ‘cot
1511 4085 1576 4149 lat.

184 4187 267 4276 Aaq.
290 4188 493 4277 Dieasis'³⁵³)
515 4192 637 4275 legitur¹
660 4192 732 4256 inde
755 4192 885 4256 minime
901 4192 1040 4273 sequitur
1061 4191 1213 4256 coloniam
1236 4193 1320 4274 prius
1335 4192 1449 4262 Iuliam
1471 4193 1577 4274 fuisse,

186 4294 295 4359 deinde
317 4299 442 4359 auctam
463 4295 702 4378 Augustamque
724 4297 917 4361 nominatam
941 4314 1017 4359 esso.

289 4402 350 4478 γο
375 4409 403 4475 3,
421 4407 481 4462 592
507 4400 559 4446 ‘--
575 4403 632 4479 [a]
649 4407 779 4462 Matutae
802 4408 829 4461 0.
849 4407 874 4476 s.
899 4415 949 4458 rar
971 4407 1083 4461 Rtsaae
1106 4435 1119 4446 ·
1136 4400 1169 4480 -’,
1192 4402 1243 4477 qui
1261 4419 1397 4461 unacum
1415 4403 1443 4463 0.
1460 4403 1577 4464 Mestric

187 4490 258 4550 (1.1.
283 4489 396 4548 Placido
424 4489 551 4549 veterani
580 4489 727 4547 cuiusdam
757 4488 878 4564 legionis
899 4488 960 4547 IIII
986 4489 1132 4564 Scythicae
1162 4490 1244 4548 heres
1271 4488 1365 4548 factus
1393 4493 1445 4549 eat.
1484 4491 1577 4550 tribus

187 4576 311 4636 nominis
334 4577 457 4652 vestigia
478 4578 593 4650 Heuney
623 4575 664 4634 sic
686 4576 813 4651 collegit:
842 4590 902 4647 rar,
932 4573 1140 4654 Pa[t(atiaaaa)]
1162 4577 1319 4636 Mommsen
1347 4575 1500 4652 supplevit,
1529 4579 1578 4636 sed

187 4679 275 4737 aequo
298 4663 359 4722 iure
382 4665 415 4722 de
438 4663 606 4740 Pa[p(iria)]
628 4663 747 4738 eogitari
769 4664 873 4737 potest.

291 4902 335 4971 ³⁵³)
353 4901 475 4971 idemque
493 4900 548 4955 fere
566 4901 595 4956 in
612 4899 692 4956 titulo
709 4900 866 4956 Atheniensi
884 4900 947 4955 anni
966 4903 1014 4958 132
1033 4900 1054 4957 0
1073 4903 1097 4967 3,
1115 4903 1167 4958 458
1181 4924 1211 4946 =
1226 4900 1286 4956 CIA
1304 4903 1328 4966 3,
1347 4903 1405 4956 471.

240 4995 425 5049 subterales,
439 4997 552 5052 imperium
567 4999 684 5041 Romarm
698 4997 796 5040 albutius
811 4997 944 5050 discriptum.
1340 4990 1372 5046 ld
