3518 5430
177 287 220 352 56
752 302 845 356 Italiae
863 302 936 371 regio
955 303 1001 356 IV.

281 501 299 538 a
324 487 352 552 9,
377 486 460 541 4684
486 480 595 559 (Reate,
626 483 692 554 post
721 498 747 540 6,
772 477 824 558 79)
855 479 878 524 “-
900 513 913 524 -
940 487 967 539 0.
992 486 1065 540 Iulio
1091 488 1117 540 0.
1141 487 1167 555 f.
1192 485 1325 556 Longino,
1357 487 1433 538 domo
1458 485 1578 538 Voltinia

177 573 315 643 Philippis
338 573 511 642 Macedonia,
540 578 683 626 veteranas
705 573 755 642 leg.
783 572 860 626 VIII
878 572 948 642 Aug.
973 573 1102 627 deductas
1125 574 1159 626 ab
1183 574 1244 626 divo
1267 573 1389 642 Augusto
1410 572 1578 640 Vespasiano

184 657 324 729 Quirina)
347 659 435 714 Reate
458 654 520 714 ·-'.
556 659 639 714 4686
664 653 775 733 (Reate,
798 672 824 714 a.
844 652 917 731 184)
942 655 986 714 ‘L.
1015 660 1118 714 066666
1139 661 1174 712 L.
1194 658 1237 729 fil.
1266 659 1342 722 Qasr.
1368 659 1453 725 lusto,
1482 677 1513 730 p.
1532 676 1577 727 p,

173 746 266 817 praef.
292 752 404 800 castror.
430 747 480 818 leg.
505 746 559 799 ΠΙ
581 749 652 816 qu„
677 743 742 812 oet,
761 747 841 815 plebs
864 747 986 801 Reatina
999 753 1128 816 patrono,
1153 747 1223 817 6666
1247 773 1259 784 -
1276 773 1289 784 -
1311 746 1351 798 ba.
1376 751 1397 799 6.
1422 753 1456 799 ni.
1480 753 1509 798 6.
1535 747 1577 783 ³-

177 833 402 904 maaioipibaa
424 833 494 887 suis
517 834 590 887 dedit
612 862 625 873 -
642 828 675 886 ·'.

280 935 299 992 γ
323 921 352 986 9,
384 920 467 975 4685
500 917 584 990 (cum.
616 917 678 973 666.
709 933 737 990 p.
761 912 836 993 685)
866 913 889 959 ‘-
911 948 923 959 -
950 922 977 974 0.
1006 920 1118 974 Octavio
1144 922 1171 974 0.
1190 919 1217 988 f.
1246 920 1322 983 Quis.
1347 913 1483 990 Pastorfi]
1505 945 1523 986 -Ὶ
1543 909 1576 986 -’,

178 1020 261 1076 quem
284 1003 373 1060 filium
400 1005 468 1077 puto
493 1003 521 1060 0.
546 1002 646 1061 Octavi
667 1002 701 1061 P.
725 1001 745 1060 f.
769 1002 899 1060 Pastoris
922 1003 994 1061 Pub.
1011 1003 1134 1074 Verona,
1159 1001 1212 1076 sig.
1238 1001 1292 1076 leg.
1310 1001 1406 1070 VIIII,
1430 1002 1519 1058 Reate
1542 1003 1578 1057 ab

178 1089 241 1148 divo
268 1091 343 1164 Aug.
368 1089 455 1164 Vesp.
486 1089 597 1147 deducti
624 1088 749 1147 eiusdem
778 1089 865 1148 tituli.
901 1095 984 1149 4702
1017 1088 1093 1168 (curn
1124 1089 1185 1148 add.
1220 1105 1249 1163 p.
1272 1090 1356 1163 685).
1393 1092 1475 1145 4707
1501 1085 1578 1165 (add.

177 1195 205 1252 p.
224 1175 307 1255 685).
334 1181 427 1236 4729.
453 1181 546 1236 4734.
572 1179 676 1234 47391
700 1181 794 1234 4740.

281 1292 401 1346 Pollia:
421 1311 436 1342 α
453 1295 477 1357 5,
497 1295 564 1348 7619
583 1291 749 1360 (Pollentiae)
768 1290 787 1329 ‘-
800 1321 811 1329 ·
832 1293 861 1346 Τ.
882 1290 970 1346 Titias
989 1293 1071 1346 Folia
1089 1293 1231 1359 Reatinus,
1250 1293 1324 1346 triba
1343 1292 1435 1345 Pollia
1448 1320 1458 1328 -
1471 1287 1503 1352 -';
1527 1289 1579 1340 cri-

178 1381 268 1448 ginem
280 1380 422 1433 Reatinam
435 1395 496 1434 cum
508 1378 641 1432 Pollentia
654 1378 741 1442 domo,
760 1395 826 1446 quae
837 1376 938 1431 Polliae
956 1378 1010 1431 fuit
1028 1378 1123 1443 tribus,
1142 1378 1285 1432 mutavisse
1298 1378 1399 1430 Titium
1418 1376 1579 1437 coniciamus

178 1483 290 1521 necesse.

283 1609 319 1654 ex
342 1607 416 1672 agro
439 1588 572 1652 Reatino
596 1589 761 1652 accedunt:

281 1695 499 1754 Montereale
521 1715 540 1772 γ
564 1701 592 1765 9,
617 1699 700 1753 4638
726 1697 754 1753 et
778 1700 873 1765 4639,
897 1713 968 1768 quos
991 1695 1091 1754 titulos
1114 1695 1214 1754 rettuli
1236 1697 1271 1753 ad
1291 1692 1500 1753 ‘Amite1·num'.

282 1809 501 1867 rursaocmvn
519 1797 552 1877 (0
577 1805 605 1869 9,
628 1815 656 1872 p.
674 1796 760 1876 435),
784 1799 893 1858 celeber
915 1799 1101 1857 Reatinorum
1124 1799 1213 1858 vicus

282 1899 858 1968 fflfflfflfflffiffla

283 2034 555 2089 novesevrrmnn
579 2022 611 2102 (0
637 2029 664 2095 9,
688 2042 716 2098 p.
734 2023 819 2102 437).
855 2045 873 2101 γ
898 2031 926 2095 9,
952 2030 1034 2083 4663
1059 2043 1101 2083 vs.
1120 2031 1147 2084 2.

178 2199 253 2257 Peru
277 2111 432 2272 ⁰in)valle
456 2110 600 2168 Genera:
626 2109 642 2181 β
664 2116 692 2180 9,
711 2115 794 2170 4753
812 2110 994 2190 (Cantiliani3
1017 2109 1228 2190 66666117).
1254 2116 1338 2170 4754
1356 2110 1454 2189 (prope
1470 2111 1580 2186 Poggic

255 2214 323 2273 gmc
340 2246 345 2257 .
988 2240 993 2252 .

223 2403 386 2470 Trebula
408 2402 595 2469 Mutuesca
1407 2401 1536 2484 Sergia

283 2525 307 2590 0
330 2524 360 2605 9,
384 2546 413 2609 p,
431 2524 494 2587 463
511 2524 622 2607 sqq.⁷⁶)
644 2561 687 2570 -
709 2525 744 2590 L.
769 2526 924 2589 Mummio
949 2543 1009 2588 cos.
1036 2543 1063 2588 a.
1081 2521 1144 2586 608
1162 2552 1202 2580 =
1221 2523 1283 2587 146
1306 2523 1359 2606 (cf.
1378 2524 1408 2604 9,
1433 2546 1462 2588 n.
1479 2522 1581 2608 4882)

178 2631 283 2697 vicum
310 2630 362 2694 hic
388 2630 495 2709 fuisse,
528 2648 660 2710 eumque
682 2632 792 2710 postea
816 2647 905 2692 suam
929 2629 1102 2693 obtinuisse
1125 2648 1192 2692 rem
1215 2629 1375 2711 publicam
1398 2629 1580 2692 Mommsen

180 2735 305 2808 statuit;
336 2733 543 2817 municipium
573 2733 634 2796 fuit
664 2733 697 2796 in
727 2734 790 2798 divi
812 2733 950 2816 Augusti
980 2733 1096 2797 tabulis
1127 2733 1261 2814 indeque
1284 2735 1402 2798 dictum
1427 2735 1475 2796 est
1498 2733 1581 2814 apud

178 2840 317 2904 Plinium
347 2837 424 2920 (nat.
454 2835 692 2919 16663107).
732 2837 850 2900 tribum
881 2837 1128 2901 Trebulanorum
1159 2837 1271 2900 horum
1301 2837 1442 2920 Sergiam
1470 2838 1580 2918 luisse,

179 2945 212 3008 in
235 2962 297 3025 qua
319 2943 472 3008 (turenses
496 2961 618 3024 quoque
640 2942 773 3024 proximi
797 2941 981 3026 suffragium
1003 2943 1154 3021 tulerunt,
1185 2943 1347 3006 credamus
1371 2957 1497 3006 necesse
1521 2944 1580 3022 est,

171 3047 328 3130 'quoniam
350 3047 428 3110 satis
451 3047 543 3111 multi
566 3048 632 3110 eius
656 3049 754 3110 testes
776 3047 968 3128 prodierunt,
992 3065 1069 3128 quos
1093 3047 1246 3127 quomodo
1271 3047 1324 3110 alii
1346 3047 1458 3129 oppido
1478 3047 1581 3112 vindi-

180 3171 286 3216 cemus
311 3169 372 3215 non
395 3151 545 3215 videmus.
585 3150 701 3214 Fabiae
724 3151 819 3234 igitur
840 3151 930 3214 testis
947 3151 999 3213 ille
1016 3150 1153 3213 urbanus
1170 3148 1208 3232 (0
1224 3149 1254 3230 6,
1271 3148 1366 3231 3884,
1383 3150 1450 3214 666.
1468 3150 1578 3215 urban.

180 3275 207 3320 3.
234 3253 413 3334 let-198,
443 3274 489 3319 vs,
514 3253 544 3334 3,
570 3253 602 3316 7;
635 3251 681 3316 Ὃ.
710 3251 854 3335 Safinias
883 3251 915 3316 C.
937 3252 970 3338 f.
997 3253 1076 3314 Fae.
1104 3253 1237 3315 Primae
1266 3252 1396 3338 Treblst)
1427 3256 1465 3318 66
1495 3253 1580 3318 aliud

179 3360 273 3424 huius
296 3359 432 3423 nonrinis
455 3359 604 3442 oppidum
631 3354 786 3442 pertinere
808 3359 941 3439 ridetur,
974 3363 1028 3422 aut
1055 3359 1094 3422 ad
1121 3359 1240 3423 vicinos
1264 3359 1456 3422 Trebulanos
1480 3358 1581 3423 Suffe-

180 3467 269 3528 nates
294 3463 409 3526 autad
432 3462 625 3527 Trebulanos
648 3463 856 3527 Ballinienses
880 3464 1016 3546 regionis
1039 3464 1167 3546 primae.

285 3567 302 3641 β
326 3569 391 3640 69,
408 3575 491 3629 4888
510 3571 555 3627 Ὗ.
574 3576 699 3628 Petronio
719 3575 750 3628 T.
762 3576 789 3645 f.
808 3574 883 3646 Scap.
903 3573 1013 3640 Sabino,
1035 3572 1166 3644 tr(ibano)
1182 3576 1248 3642 mil,
1270 3577 1451 3646 mugiebant
1464 3617 1556 3629 .....
1561 3570 1578 3628 ’.

181 3663 264 3716 4889
289 3657 307 3714 ³.
327 3703 332 3714 .
352 3703 357 3714 .
377 3703 382 3714 .
403 3704 408 3714 .
432 3680 454 3714 s.
479 3663 512 3716 P.
531 3662 557 3730 f.
584 3660 641 3716 Ser.
667 3663 769 3731 Rufus,
801 3681 871 3733 mag.
896 3659 1020 3732 ia(v)cat.
1054 3664 1102 3731 bis,
1134 3658 1256 3733 [....
1289 3658 1403 3734 qaian.,
1435 3663 1513 3715 VIII
1536 3665 1582 3716 oz'r

180 3750 230 3818 bis,
254 3743 328 3803 cet'.
364 3749 448 3803 4900
473 3744 551 3802 intra
573 3743 734 3817 sepulcrum
758 3744 765 3766 ‘
770 3791 876 3802 .....
901 3744 1028 3820 [Vlalea'
1041 3747 1081 3801 M.
1098 3750 1123 3818 f.
1143 3745 1331 3820 Sc[r(9iat)].
1352 3792 1356 3803 .
1377 3790 1383 3802 .
1402 3791 1407 3800 .
1428 3744 1455 3814 .'‚
1479 3744 1510 3801 in
1533 3762 1580 3802 se-

180 3831 273 3906 pulcri
295 3833 378 3905 porta
402 3831 409 3850 ‘
414 3877 521 3889 .....
548 3836 624 3890 VIII
642 3837 686 3889 vir
709 3836 746 3888 II
765 3853 813 3888 aer
831 3855 901 3905 proc
926 3878 1033 3891 .....
1037 3831 1054 3889 ’.
1357 3867 1359 3872 v

210 3974 213 3980 .
283 3937 302 3994 γ
327 3924 355 3988 9,
380 3923 463 3976 4897
489 3917 526 3996 (a.
551 3917 610 3976 fere
634 3915 784 3995 ‹rr—54).
810 3924 893 3978 4913
919 3919 1122 3994 (Se[r(9ia)?]).
1147 3924 1242 3978 4925.
1268 3923 1360 3976 4944.

285 4003 299 4060 δ
325 4011 353 4076 9,
379 4010 462 4064 4887
488 4003 566 4083 (bis).
592 4010 673 4063 4861
692 4028 733 4056 =
752 4011 844 4065 6364.

388 4092 507 4150 Fabia:
532 4094 565 4150 de
588 4092 608 4148 0
630 4097 659 4162 6,
677 4097 771 4162 3884,
796 4098 825 4162 3,
845 4098 860 4151 7
885 4093 921 4151 of.
946 4110 1017 4166 quae
1040 4109 1128 4166 supra
1151 4092 1263 4165 scripsi.
1295 4089 1312 4162 β
1336 4092 1356 4149 0
1378 4097 1406 4161 9,
1424 4096 1507 4150 4896
1532 4092 1579 4149 ‘T.

285 4184 391 4236 Pelidio
419 4184 450 4238 Τ.
469 4185 495 4252 f.
521 4184 590 4236 Fab.
618 4183 732 4251 Uescino,
763 4184 841 4237 VIII
859 4186 917 4237 viro
945 4184 1088 4238 aediliciae
1110 4186 1264 4252 potcstatis,
1289 4181 1354 4250 cet,
1373 4183 1454 4252 pleps
1481 4182 1582 4236 Treba-

284 4271 351 4324 laaa
374 4298 387 4309 -
404 4266 436 4334 -’;
460 4265 534 4325 Alba
556 4266 676 4336 Fucens,
701 4283 773 4340 quac
796 4284 883 4340 prope
906 4267 1056 4325 Trebulam
1078 4268 1255 4324 Mutuescam
1279 4266 1335 4324 sita
1358 4268 1412 4336 est,
1439 4265 1471 4323 in
1493 4265 1582 4323 Fabia

285 4353 397 4412 censita
419 4355 472 4410 est.

287 4540 317 4608 ⁷⁶)
336 4539 458 4607 equidem
477 4556 529 4592 non
547 4539 672 4608 intellego
691 4556 776 4607 neque
795 4557 825 4592 ex
843 4557 870 4592 re
890 4540 1059 4608 epigraphica
1079 4519 1159 4593 liuius
1177 4539 1291 4608 regionis
1310 4556 1394 4607 neque
1413 4557 1443 4592 ex
1460 4540 1581 4593 locorum

181 4629 283 4690 natura,
308 4642 387 4694 quam
409 4625 443 4679 cb
466 4643 522 4680 rem
540 4627 650 4696 Kiepert
667 4627 873 4694 Aequiculorum
891 4626 990 4680 finibus
1009 4643 1103 4695 agrum
1121 4628 1191 4680 inter
1209 4625 1312 4679 Saltum
1331 4630 1358 4678 et
1376 4626 1513 4679 Turenum
1531 4627 1581 4679 fiu-

180 4713 237 4766 vios
260 4713 459 4782 septemtriones
482 4730 573 4766 versus
596 4713 667 4766 ultra
684 4713 807 4769 Leolreni
829 4718 856 4767 et
877 4714 946 4766 Pace
969 4715 1189 4782 comprehensum
1207 4712 1288 4764 fuisse
1307 4712 1409 4775 credat3
1431 4712 1580 4766 Mommsen

181 4802 271 4852 autem
294 4815 355 4852 cum
378 4803 401 4863 9,
421 4816 446 4853 n.
464 4802 531 4855 4119
555 4800 626 4853 inter
644 4800 843 4868 Aequicolanoq
867 4818 892 4854 11.
910 4803 979 4856 4925
1002 4801 1072 4853 inter
1094 4799 1257 4853 Trebulanos
1279 4798 1350 4862 edat,
1378 4815 1432 4851 non
1456 4799 1506 4852 sibi
1529 4800 1581 4868 ipsi

182 4888 294 4940 constat.
