3518 5430
879 330 969 394 ,lana
1605 316 1627 381 5

221 512 332 586 ,ψῇηροςῚ
342 507 454 586 ἀχρεῖος
480 505 513 594 ἦν
542 509 590 568 ἅτε
616 515 670 568 τῶν
697 511 778 568 πέντε
804 507 852 570 καὶ
873 512 1019 588 τριάκοντα
1043 512 1183 590 προτέρων
1210 531 1240 570 τε
1267 511 1448 586 καλουμένων
1470 509 1518 571 καὶ
1541 487 1627 572 abacta

224 611 412 691 ὑπὲρ.ἥμισυ.,
429 614 496 692 ὅπερ
519 615 537 688 ἢ
559 614 647 674 λαθὸν
671 613 766 672 αὺτίκα
788 617 806 688 ἢ
829 611 875 674 καὶ
896 617 934 684 ὣς
951 615 1014 676 aava
1031 615 1232 694 ἀγαπησάντων
1249 621 1301 674 τῶν
1318 615 1494 696 Ἰταλιωτῶν,
1517 618 1626 697 ὕστερον

223 717 391 796 ἐπιγνωσθὲν
415 719 510 798 ἑτέρας
533 720 654 790 στάσεως
678 715 769 796 ἧρξεν.
796 721 831 782 ut
852 719 979 782 mittam
1000 718 1057 783 has
1080 719 1275 783 coniecturas
1295 720 1374 803 (ὅπερ
1391 717 1468 803 κτλ.)
1486 721 1626 785 omnium

225 819 413 885 Graecorum
438 822 500 902 ,qui
536 822 574 885 ad
604 822 763 886 Romanas
795 842 845 886 res
881 823 1079 905 explicandas
1115 827 1315 888 accesserunt
1350 825 1441 888 facile
1474 825 1627 889 levissimi

224 927 371 1006 hominis,
396 946 466 991 cum
491 927 524 990 in
546 927 658 990 Latino
682 927 818 1008 quodam
842 931 977 1008 auctore,
1002 928 1035 992 T.
1060 927 1149 992 Livio
1171 929 1383 1011 potissimum,
1407 930 1457 992 cui
1478 949 1510 992 se
1531 931 1627 994 tradi-

223 1033 321 1112 derat,
338 1031 373 1115 14)
396 1032 511 1114 legisse
526 1035 603 1114 puto
624 1032 706 1096 cives
723 1050 819 1097 novos
840 1033 908 1114 lege
923 1031 1005 1096 Iulia
1024 1033 1057 1096 in
1074 1033 1252 1114 quindecim
1269 1033 1369 1097 tribus
1384 1034 1526 1097 redactos
1543 1035 1626 1110 esse3

224 1137 329 1218 itaque
351 1139 405 1200 aut
422 1136 615 1218 aliquamdiu
631 1137 714 1201 cives
730 1154 826 1202 novos
842 1137 950 1220 fugere
966 1138 1105 1219 potuisse
1122 1137 1249 1221 (λαθέν),
1274 1157 1346 1201 cum
1363 1155 1470 1202 earum
1486 1139 1626 1203 tribuum

221 1241 409 1321 laterculum
433 1243 573 1305 nondum
597 1242 826 1324 cognovissent,
852 1241 912 1305 sibi
934 1242 994 1306 ha'c
1017 1243 1085 1326 lege
1107 1261 1220 1325 parum
1242 1243 1276 1307 in
1295 1264 1328 1306 re
1347 1243 1474 1326 publica
1493 1245 1627 1308 admini-

224 1347 351 1410 stranda
381 1347 575 1410 auctoritatis
605 1365 789 1410 cencessum
817 1365 899 1426 esse,
929 1352 983 1411 aut
1010 1347 1060 1410 his
1085 1366 1136 1411 eos
1160 1347 1317 1432 suffragiis
1342 1351 1505 1413 contentos
1527 1349 1627 1412 fuisse

225 1448 303 1532 (αὺτο
327 1451 556 1535 ἀγαπησάντων),
581 1452 729 1534 quoniam
745 1453 866 1532 reliqua
882 1453 994 1535 oppida
1018 1471 1042 1515 c.
1060 1452 1108 1532 a,
1133 1471 1212 1534 quae
1228 1471 1290 1517 non
1305 1472 1400 1536 prope
1416 1453 1550 1518 Romam
1567 1455 1627 1518 sita

223 1558 339 1636 essent,
355 1555 388 1619 in
403 1557 516 1620 iisdem
532 1557 595 1620 fere
612 1556 757 1620 tribubus
775 1555 923 1639 suffragia
938 1557 1073 1620 ferrent:
1097 1557 1159 1620 nisi
1173 1558 1277 1639 potius
1293 1558 1371 1621 haec
1388 1559 1492 1622 omnia
1507 1557 1626 1642 Appia-

217 1680 282 1724 nus
306 1662 382 1744 ipse,
407 1662 481 1743 quid
505 1663 587 1726 cives
611 1663 684 1727 nori
699 1664 774 1725 tunc
792 1662 974 1742 sensissent,
996 1664 1192 1726 commentus
1209 1663 1335 1726 addidit.
1361 1664 1415 1726 sed
1431 1664 1513 1745 quod
1528 1683 1626 1729 novas

223 1765 299 1828 dicit
325 1766 396 1829 illas
420 1767 599 1848 quindecim
623 1766 738 1846 tribus,
766 1785 851 1830 mero
876 1784 977 1829 errore
992 1765 1027 1848 15)
1052 1767 1171 1830 factum
1198 1772 1260 1841 est;
1288 1769 1391 1831 nullas
1419 1769 1502 1832 enim
1529 1787 1626 1834 novas

216 1869 327 1934 ¹tribus
350 1876 421 1953 post
444 1890 611 1934 numerum
635 1889 661 1934 a.
678 1868 743 1932 513
760 1897 800 1925 =
817 1868 878 1932 241
905 1871 1063 1953 expletum
1086 1871 1208 1935 additas
1233 1890 1301 1934 esse
1325 1872 1402 1935 satis
1426 1876 1558 1937 constat.

329 1975 409 2054 Quid
438 1980 544 2039 autem
572 1977 610 2038 de
633 1975 752 2039 Velleio
782 1977 982 2039 statuemus?
1012 1995 1088 2040 num
1116 1975 1183 2058 ipse
1212 1980 1319 2040 auctor
1348 1995 1540 2058 quamquam
1563 1996 1626 2041 non

224 2079 355 2158 subinde
382 2081 521 2162 locuples
549 2083 656 2144 tamen
685 2080 793 2143 sollcrs
822 2082 854 2143 et
880 2081 1036 2162 ingenuus
1064 2079 1163 2142 falsus
1190 2081 1241 2144 vel
1264 2081 1434 2145 ementitus
1459 2086 1516 2162 est,
1544 2083 1626 2163 quod

218 2185 263 2246 ad
286 2203 312 2248 a.
338 2183 400 2247 667
425 2212 465 2240 =
490 2183 530 2246 87
559 2185 637 2248 haec
663 2184 787 2248 rettulit
814 2183 902 2266 (hist.
926 2182 957 2264 2,
986 2182 1037 2264 20,
1064 2183 1115 2268 2);
1142 2187 1222 2246 ‘curu
1245 2183 1295 2246 ita
1317 2183 1432 2247 civitae
1455 2185 1626 2272 Italides)

223 2393 364 2462 discriptae
382 2393 518 2448 laterculis
531 2394 567 2448 eis
580 2410 647 2462 quae
666 2393 742 2448 uobis
755 2396 859 2462 seruata
872 2395 942 2446 sunt.
967 2391 1026 2442 δέκα
1038 2392 1113 2455 πέντε,
1133 2393 1203 2461 quod
1215 2393 1318 2446 Bcldrcr
1332 2393 1480 2463 suspicatus
1493 2397 1534 2448 est
1546 2410 1626 2463 quam

220 2481 335 2536 maxime
353 2484 442 2550 potest
461 2482 494 2534 ad
513 2482 626 2535 traditae
645 2482 792 2550 scripturae
805 2481 916 2548 vestigia
933 2480 1042 2544 accedit,
1062 2495 1223 2548 quamquam
1235 2480 1322 2534 verbis
1335 2481 1531 2548 quodammodo
1544 2483 1626 2548 offep-

224 2566 325 2630 dimur;
348 2569 535 2622 Mendelsschn
558 2569 630 2622 enirn
648 2568 770 2638 Appiano
789 2568 957 2619 πεντεκαίδεκα
975 2566 1087 2620 scribere
1111 2585 1140 2620 ex
1159 2585 1209 2621 usu
1228 2568 1308 2621 fuisse
1329 2568 1473 2624 contendit.
1498 2585 1565 2637 quae
1582 2571 1626 2622 ut-

203 2666 335 2722 'cumquc
355 2659 425 2720 sunt,
444 2657 485 2709 his
504 2656 601 2711 litteris
613 2655 801 2724 (δεκατεύοντες)
820 2655 939 2708 tribuum
959 2654 1066 2708 illarum
1085 2672 1235 2719 numerum,
1255 2672 1321 2724 quae
1340 2656 1441 2710 civibus
1454 2656 1529 2712 novis
1543 2674 1556 2710 e
1568 2656 1626 2726 lege

221 2741 292 2795 ¹Iulia
310 2759 447 2799 concessae
466 2747 537 2809 sunt,
556 2744 662 2797 subesse
681 2759 779 2797 censeo.

328 2830 359 2900 14)
378 2830 411 2885 cf.
430 2831 520 2896 Klebs‚
539 2833 579 2886 De
598 2830 770 2900 scriptoribus
789 2829 883 2883 aetatis
903 2829 1034 2893 Sullanae,
1053 2846 1079 2898 p.
1098 2832 1139 2893 20,
1159 2832 1201 2885 57.

329 2919 358 2987 15)
386 2919 505 2973 eiusdem
529 2920 583 2972 fere
611 2919 706 2972 erroris
728 2919 865 2988 appianus
894 2917 944 2970 alio
972 2933 1075 2985 quoque
1102 2917 1160 2972 loeo
1188 2920 1280 2972 auctor
1303 2920 1354 2981 est;
1378 2918 1412 2971 ad
1430 2936 1453 2974 a.
1473 2922 1524 2975 666
1542 2944 1572 2964 --
1591 2925 1625 2976 88

223 3005 290 3060 haec
312 3010 418 3060 enarrat
441 3007 475 3076 (l,
497 3008 552 3076 53):
576 3006 615 3058 καὶ
633 3005 689 3057 τάδε
709 3003 751 3073 μὲν
773 3000 801 3071 ἦν
824 3004 878 3073 περὶ
901 3009 942 3071 τῆν
962 3003 1065 3056 Ἰταλίαν
1088 3003 1150 3072 ἀμφὶ
1172 3003 1212 3065 τὸν
1232 3002 1389 3078 συμμαχικὸν
1412 3005 1524 3078 πόλεμον,
1549 3005 1626 3077 ἀκμά-

227 3111 304 3143 σαντα
328 3091 356 3159 δι)
377 3092 484 3162 μάλιστα
507 3083 580 3164 μέχρι
602 3094 677 3145 τῶνδε
692 3093 746 3153 ,ἕως
764 3092 857 3144 Ἰταλία
879 3093 945 3144 πᾶσα
968 3091 1036 3162 (lege
1054 3092 1162 3146 Plautia
1179 3092 1297 3162 Papiria)
1321 3093 1511 3164 προσεχώρησεν
1535 3093 1557 3154 ἐς
1581 3093 1623 3161 τήν

224 3177 357 3249 Ῥωμαίων
379 3179 512 3245 πολιτείαν,
535 3181 614 3252 χωρίς
637 3199 665 3251 γε
683 3182 810 3232 Λευκανῶν
834 3180 873 3231 καί
892 3179 1015 3230 Σαυνιτῶν
1033 3177 1093 3231 τότε.
1119 3210 1151 3217 -
1176 3178 1198 3239 ἐς
1218 3178 1303 3240 δὲτὰς
1323 3179 1399 3247 φυλὰς
1424 3181 1462 3248 (in
1481 3181 1537 3236 cod.
1556 3181 1624 3250 Aug.

226 3266 248 3326 ἐς
268 3268 294 3318 δε
313 3265 343 3318 τά
361 3267 438 3336 ρυλας
457 3272 593 3322 exaratum
613 3272 661 3333 est,
681 3268 703 3328 ἐς
722 3266 808 3328 δὲτὰς
827 3266 944 3335 νεωτέρας
963 3285 987 3334 ρ.
1011 3267 1151 3334 Musgrave
1170 3267 1294 3327 coniecit,
1314 3267 1546 3336 Schweighaeuser
1563 3286 1625 3322 vero

223 3385 255 3392 -
274 3357 338 3410 tom.
358 3359 381 3420 3,
400 3373 426 3425 p.
446 3359 496 3411 706
515 3387 548 3394 -
567 3355 590 3415 ἐς
609 3355 635 3408 δέ
654 3356 711 3407 δέκα
730 3353 806 3423 φυλάς
827 3386 859 3394 -
883 3358 994 3422 uterquc
1018 3354 1095 3406 credo
1118 3370 1214 3422 parum
1237 3354 1359 3424 feliciter)
1385 3351 1457 3424 ὅμοια
1480 3355 1522 3423 (=
1544 3357 1626 3410 simili

212 3441 309 3508 modo,
330 3459 364 3496 so.
379 3441 402 3493 ἐν
415 3434 452 3503 αἷς
466 3443 630 3514 ἐχειροτόνουν
650 3441 758 3515 ἔσχατοι,
777 3444 810 3498 cf.
825 3445 848 3507 1,
861 3444 905 3512 49)
924 3443 973 3502 τοῖς
992 3443 1156 3513 προτυχοῦσιν
1177 3439 1272 3493 έκαστυι
1292 3442 1367 3509 (num
1383 3465 1411 3486 =
1426 3461 1459 3498 cac
1470 3444 1625 3512 perstitisset)

222 3529 389 3600 κατελέγοντο,
407 3534 449 3582 τοῦ
470 3528 502 3602 pq
522 3534 570 3592 τοῖς
590 3531 701 3602 ἀρχαίοις
720 3531 909 3602 ἀναμεμιγμένοι
928 3529 1062 3599 ἐπικρατεῖν
1086 3528 1110 3580 ἐν
1128 3531 1179 3590 ταῖς
1198 3529 1364 3600 χειροτονίαις,
1387 3529 1485 3588 πλέονες
1505 3526 1579 3594 ὄντες,
1598 3533 1625 3586 et

220 3603 257 3669 ¹ad
275 3635 297 3672 a.
317 3622 368 3674 667
387 3643 418 3663 =
437 3622 470 3675 87
490 3621 597 3689 (1,64)ι
621 3620 644 3671 ot
663 3617 688 3671 δέ
707 3622 755 3672 τῶν
775 3616 889 3689 φυγάδων
908 3617 975 3686 φίλοι
992 3648 1004 3657 -
1021 3647 1032 3656 ·
1049 3615 1105 3676 τοίας
1125 3615 1264 3676 νεοπολίτας
1283 3616 1391 3684 ἠρέθιζον
1411 3615 1434 3675 ἐς
1453 3613 1479 3667 τὸ
1499 3616 1625 3686 ἐνθύμημα

222 3707 264 3755 τοῦ
278 3705 381 3774 Μαρίου,
401 3708 452 3766 ταῖς
472 3707 558 3772 φυλαῖς
572 3706 651 3768 ἀξιοῦν
670 3703 841 3778 ἀναμιχθῆναι,
859 3704 897 3756 ίνα
911 3704 943 3775 μὴ
957 3703 1090 3756 τελευταῖοι
1109 3696 1266 3773 ψηφιζόμενοι
1284 3702 1379 3754 πάντων
1398 3697 1459 3754 ὦσιν
1479 3701 1571 3773 ἄκυροι.
1592 3736 1624 3743 -

221 3807 302 3864 quam
320 3780 430 3862 parvam
450 3812 540 3849 curam
559 3797 587 3864 in
606 3813 682 3866 opere
701 3812 747 3849 suo
761 3794 943 3849 concinnando
956 3792 1266 3865 Appianas-adhibuerit,
1285 3793 1384 3861 optimc
1398 3809 1427 3845 er
1443 3793 1475 3846 iis
1494 3793 1626 3847 evincitur

224 3897 289 3950 quae
308 3880 340 3934 de
359 3881 524 3936 Samnitibus
548 3886 574 3936 et
591 3883 707 3938 Lucanis
726 3883 759 3951 (1,
778 3884 821 3952 53)
840 3882 934 3936 tradit:
954 3882 1130 3934 δοκοῦσι
1150 3918 1156 3932 .
1175 3881 1217 3949 μοὶ
1241 3878 1281 3928 καὶ
1303 3877 1354 3929 οἵδε
1371 3881 1452 3948 τυχεῖν
1471 3873 1504 3930 ὧν
1524 3878 1626 3951 ἔχρῃζον

222 3969 330 4036 ὕστερον.
355 3971 479 4022 tantaene
497 3970 574 4024 molis
600 3973 656 4024 erat
674 3973 838 4038 compertum
857 3968 961 4032 habere,
986 3985 1051 4021 num
1074 3966 1135 4021 illae
1158 3970 1250 4035 gentes
1274 3967 1417 4030 civitatem,
1440 3983 1520 4034 quarn
1544 3969 1625 4022 armis

223 4055 273 4110 sibi
293 4044 444 4126 comparare
463 4057 635 4122 studuissent,
655 4060 809 4112 consecutae
827 4058 882 4110 sint
900 4055 999 4110 necne?
1020 4055 1065 4108 scd
1084 4057 1222 4109 strenuum
1236 4056 1379 4117 auctorem,
1398 4055 1443 4121 qui
1457 4054 1489 4107 de
1501 4054 1625 4108 omnibus

222 4142 297 4195 οίεται
321 4146 347 4196 et
368 4145 475 4212 ἡγεῖται,
499 4145 541 4197 eui
565 4162 668 4214 semper
692 4146 764 4206 δοκεῖ,
788 4145 834 4212 qui
859 4143 1022 4198 Socraticum
1046 4141 1114 4196 illud
1137 4142 1227 4194 omnia
1249 4141 1383 4195 nesciendi
1406 4141 1492 4194 ubivis
1516 4146 1624 4206 exercet,

221 4231 319 4284 laboris
337 4235 489 4300 pertaesum
507 4235 547 4286 est
565 4232 609 4300 (cf.
628 4233 708 4286 etiarn
726 4233 756 4288 Ε,
775 4230 865 4296 Klebs,
884 4232 924 4284 De
943 4228 1115 4298 scriptoribus
1134 4229 1228 4282 aetatis
1247 4227 1379 4292 Sullanae,
1397 4228 1484 4282 Berol.
1504 4229 1580 4292 1876,
1599 4232 1626 4282 et

222 4319 281 4374 Em.
304 4319 431 4384 Henna,
459 4320 597 4388 Appianas
625 4320 681 4374 und
709 4321 779 4373 scine
804 4318 926 4384 Quellem
952 4316 1067 4371 Vindob.
1087 4319 1165 4380 1869.
1189 4333 1214 4384 p.
1233 4315 1355 4383 arr-40).
1384 4315 1509 4368 Morimee
1533 4318 1645 4384 contra¹

222 4405 333 4474 (Guerre
353 4407 447 4460 sociale
460 4425 485 4475 p.
501 4408 560 4476 178)
574 4407 693 4462 laudavit
711 4406 737 4460 la
755 4407 859 4460 version
877 4405 1016 4474 d'Appien,
1037 4419 1229 4472 ...parceque
1247 4403 1285 4455 les
1306 4401 1408 4467 details
1428 4401 1493 4455 dans
1511 4403 1624 4469 lesquels

223 4493 243 4546 il
262 4495 343 4557 entre,
366 4498 505 4561 prouvent,
525 4495 590 4562 qu'il
608 4495 680 4548 avait
698 4494 786 4548 etudie
804 4494 830 4547 la
849 4493 970 4561 question
983 4493 1010 4561 (l)

329 4581 359 4650 16)
379 4584 495 4636 ceterum
514 4598 609 4649 quaeso
629 4599 661 4634 ne
674 4585 700 4655 te
713 4582 800 4650 fugiat
811 4581 943 4634 Velleium
962 4583 983 4634 I
985 4581 1089 4634 taliae
1108 4577 1242 4632 civitatem
1257 4577 1347 4631 datam
1360 4594 1415 4630 esse
1429 4577 1522 4630 dicere.
1545 4593 1625 4644 quam

223 4666 332 4721 Italiam
344 4668 394 4720 viri
413 4669 484 4722 docti
503 4687 560 4722 earn
580 4668 632 4722 dici
649 4672 754 4739 putant,
774 4685 840 4737 quae
854 4670 890 4722 cis
903 4668 1068 4721 Rubiconem
1088 4697 1120 4704 —
1140 4666 1234 4719 melius
1249 4665 1280 4718 de
1293 4664 1367 4718 Pado
1380 4665 1576 4732 cogitavissent,
1591 4664 1624 4720 cf.

222 4754 279 4818 ΚΤ,
297 4772 323 4823 p.
343 4759 376 4811 75
395 4773 432 4824 sq.
458 4788 489 4794 -
514 4758 565 4810 sita
588 4759 651 4810 erat.
677 4772 730 4809 nou
752 4759 821 4809 recte
844 4755 872 4808 id
892 4756 995 4809 faciunt
1013 4772 1043 4807 ex
1061 4771 1120 4807 mee-
1139 4753 1246 4822 quidem
1270 4753 1400 4821 opinione.
1424 4750 1484 4804 vide
1503 4751 1574 4803 enim
1592 4767 1625 4802 nc

224 4841 260 4896 sit
276 4842 365 4910 potius
382 4844 463 4897 Italia
479 4861 546 4912 quae
563 4844 743 4907 rebellaverat,
763 4844 837 4897 cuius
854 4844 942 4897 uumis
960 4845 1047 4898 Italic
1066 4843 1119 4896 sive
1139 4843 1237 4897 Vitclc'o
1257 4839 1446 4910 (Friedla'nder,
1466 4838 1528 4892 Osk.
1546 4839 1625 4892 Mun-

223 4945 278 4994 zen,
297 4931 368 5000 Lips.
389 4935 463 4996 1859,
483 4949 508 4986 n.
530 4933 561 4987 14
580 4947 649 5001 sqq.;
667 4929 775 4995 Eckhcl,
799 4931 882 4984 doctr.
906 4947 931 4986 n.
953 4948 978 4984 ν.
1001 4933 1023 4995 l,
1044 4932 1093 4986 106
1113 4946 1164 4998 sq.;
1182 4929 1339 4995 Mommsen,
1359 4927 1379 4984 C
1399 4930 1421 4994 l,
1441 4944 1466 4982 n.
1485 4929 1544 4986 418.
1563 4926 1624 4998 419)
