3586 5432
222 296 287 360 204
768 315 856 370 Callia
874 315 1061 370 Narbonensis.

215 488 464 574 prouinciarum
492 488 709 575 postferenda
742 488 938 576 breviterque
968 488 1073 553 Italia
1102 489 1211 555 ocriae
1245 511 1341 576 qaam
1368 488 1611 575 prouincia.²⁸⁹)

220 594 394 660 civitatium
414 593 666 658 Narbonensium
692 595 794 675 index,
825 596 877 677 qui
904 596 943 658 ad
973 598 1112 659 nostram
1143 614 1241 677 usque
1263 595 1446 658 memoriam
1469 597 1610 659 servatus

220 701 269 761 est
297 699 330 761 11
351 698 447 762 Plinii
470 701 532 762 nat.
555 698 629 762 11111.
654 697 684 778 3,
708 697 904 783 31-37‚²⁹⁰)
934 701 961 764 si
989 717 1104 782 paucas
1134 719 1184 763 res
1215 700 1265 763 vol
1293 699 1397 782 potius
1424 717 1520 762 unam
1542 718 1611 763 rom

218 801 384 884 exceperis,
408 803 447 866 ad
470 821 541 865 eum
563 803 739 885 provinciae
756 806 875 867 statum
897 804 986 884 redit,
1010 803 1062 885 qui
1083 806 1150 867 erat
1171 822 1243 867 cum
1258 801 1399 887 Agrippa
1420 803 1610 886 provinciam

219 905 416 970 describebat
437 907 457 970 i.
483 925 508 970 e.
532 906 612 970 inter
635 925 661 970 a.
680 905 741 968 727
759 933 799 964 =
816 906 920 988 27291)
945 911 975 971 et
998 907 1057 969 141
1076 934 1116 964 .-;
1135 906 1184 971 13.
1217 906 1351 972 mutarit
1374 907 1458 971 enim
1478 907 1610 988 Plinius,

219 1011 300 1092 quod
322 1011 422 1092 video,
446 1011 535 1074 solito
559 1027 645 1073 more
667 1010 727 1075 hoc
749 1031 848 1075 unum
870 1015 906 1076 ut
928 1013 1119 1076 coloniarum
1142 1031 1167 1076 c.
1184 1012 1221 1076 R.
1246 1030 1412 1076 numerum
1435 1029 1610 1076 accommo-

219 1114 306 1178 daret
328 1115 366 1178 ad
390 1132 464 1178 suae
487 1115 596 1180 aetatis
620 1115 829 1190 condicionem
853 1134 928 1180 nam
943 1117 1093 1197 Viennae,
1118 1134 1196 1198 quae
1211 1114 1351 1200 Agrippa
1373 1116 1442 1180 viro
1461 1114 1610 1201 Latinum

218 1219 365 1301 oppidum
394 1219 506 1298 fuerat,
536 1221 573 1283 ut
596 1219 732 1283 coloniae
755 1220 909 1284 meminit.
954 1218 1114 1304 Agrippae
1136 1221 1231 1304 igitur
1260 1221 1429 1284 laterculus
1452 1219 1502 1284 hic
1526 1222 1608 1284 erat:

321 1341 477 1401 coloniae
499 1360 522 1402 c.
547 1343 595 1402 a:

218 1429 314 1487 Narbo
337 1428 459 1487 Martius
777 1430 891 1490 condita
913 1449 938 1489 a.
958 1433 1018 1489 636
1036 1454 1076 1484 =
1095 1436 1155 1490 118
1208 1447 1238 1489 er
1257 1431 1270 1488 t
1291 1427 1323 1488 in
1345 1429 1422 1489 tribu
1473 1429 1590 1504 Papiria

219 1515 334 1574 Arelate
777 1517 907 1576 Caesaris
930 1534 1001 1591 opus
1472 1517 1609 1576 Teretina

217 1603 369 1660 Baeterrae
865 1604 902 1662 id.
1104 1634 1109 1644 ·
1472 1603 1598 1678 Pupinia

218 1689 322 1747 Forum
343 1689 400 1747 Iuli
864 1691 901 1750 id.

216 1776 339 1835 Arausio

216 1862 352 1921 Valentia

319 1967 446 2024 Latina
467 1966 604 2042 oppida:

216 2053 303 2112 Aeria
1207 2055 1270 2113 erat
1292 2054 1323 2113 in
1345 2055 1423 2114 tribu

215 2141 290 2198 Alba
311 2141 464 2199 Heluorum
1098 2167 1100 2170 ·

216 2227 337 2286 Δ11111111
359 2227 492 2287 Reiorum
513 2226 723 2302 Apollinarium

215 2314 345 2372 Anatilia

214 2400 361 2475 Antipolis
1470 2403 1600 2462 Voltinia

214 2488 292 2561 Apta
313 2487 388 2545 111111
409 2488 607 2562 Vulgientium
1469 2490 1599 2549 Voltinia

214 2575 314 2648 Aquae
337 2574 448 2634 Sextias
471 2575 657 2634 Salluviorum
742 2653 744 2656 Ι
1003 2581 1006 2585 “
1360 2595 1367 2605 ·
1467 2577 1598 2636 Voltinia

214 2662 324 2721 Arenio
348 2661 486 2720 Cauarum
1469 2664 1598 2724 Voltinia

214 2749 348 2824 Augusta
370 2748 595 2808 Tricastinorum
1524 2755 1538 2810 1

213 2835 370 2893 Burmanni
1045 2876 1049 2883 -
1523 2842 1537 2897 1

214 2922 338 2980 Cabellio
1469 2925 1598 2985 Voltinia

213 3008 384 3068 Cambolecti
405 3009 546 3067 Atlantici
1523 3015 1537 3070 1

213 3096 365 3155 Carcasum
386 3096 535 3155 Volcarum
558 3097 745 3171 Tectosagum
1209 3125 1212 3132 ⁴
1469 3099 1597 3158 Voltinia

213 3182 433 3257 Carpentoracte
455 3182 643 3242 Meminornm
1468 3185 1597 3245 Voltinia

204 3269 384 3328 Cenicenses
1523 3277 1537 3332 1

212 3356 329 3415 Cessero
1523 3364 1537 3419 1

212 3443 362 3503 Comacina
1522 3451 1537 3506 1

211 3531 315 3589 Forum
335 3530 455 3590 Voconii
1522 3538 1537 3593 1

213 3617 334 3676 Clanum
357 3617 432 3677 Livii
1522 3624 1536 3679 1

1522 3884 1536 3939 1

1522 3971 1536 4026 1

1522 4058 1536 4113 1

211 3791 373 3850 Nemausus
396 3791 622 3852 Arecomicorum
749 3832 755 3847 .
1467 3794 1596 3852 Voltmia

211 3877 351 3937 Piscenae

211 3704 318 3763 Latera
341 3705 456 3781 (Torum
477 3703 614 3780 Neronis)

211 3957 336 4023 Ruscino

210 4052 340 4110 Rutenae
1315 4101 1318 4110 ,

211 4140 421 4218 Samnagenses
1522 4144 1535 4199 1
1598 4193 1600 4197 ,

210 4226 335 4283 Tarusco
1466 4227 1596 4286 Voltinia

210 4311 332 4370 Tasconi
617 4383 618 4386 Ἴ
1522 4317 1536 4372 1

313 4532 356 4600 ²⁸⁹)
376 4531 410 4586 cl.
428 4531 531 4600 Herzog
549 4531 611 4586 hist.
631 4531 732 4588 (1111111
751 4531 833 4600 Narb.
852 4550 877 4602 p.
893 4536 941 4589 109
955 4548 993 4600 sq.

314 4619 357 4688 ²⁹⁰)
376 4618 409 4673 cl.
427 4617 531 4688 Herzog
548 4618 565 4672 1.
580 4635 600 4673 1.
619 4637 645 4689 p.
660 4622 710 4674 152
722 4634 760 4686 sq.
787 4619 951 4674 Kubitschek
969 4619 1002 4674 de
1019 4621 1084 4689 orig.
1102 4619 1164 4674 trib.
1182 4637 1207 4689 p.
1222 4622 1271 4677 189
1284 4636 1322 4688 sq.

314 4706 416 4775 291)111
442 4703 532 4774 paullo
560 4708 622 4760 ante
647 4706 718 4759 hunc
741 4723 848 4760 annum.
872 4737 904 4744 -
929 4710 1045 4761 ceterum
1069 4707 1179 4761 saeculis
1205 4724 1231 4776 p.
1251 4706 1312 4762 Chr.
1332 4724 1357 4761 n.
1377 4707 1392 4760 Ι
1414 4711 1441 4762 11
1461 4709 1490 4762 11
1516 4725 1601 4778 pauca

209 4793 354 4848 immutata
370 4809 425 4847 esse
439 4792 571 4859 videntur,
590 4794 660 4848 inter
671 4810 702 4847 ea
715 4795 786 4862 quod
804 4794 883 4861 (Plin.
897 4811 922 4848 n.
935 4795 961 4848 h.
974 4798 998 4859 3,
1012 4797 1056 4866 37)
1074 4795 1182 4851 ‘adiecit
1199 4797 1333 4865 formulae
1347 4796 1437 4851 Galba
1453 4797 1601 4866 imperator
1693 4845 1696 4851 .

209 4897 242 4936 erc
258 4882 399 4951 Inalpinis
416 4881 564 4937 Araraicos
581 4888 660 4952 atqaoe
677 4883 865 4946 Boriioatc'cos,
883 4899 996 4950 carrara
1014 4885 1145 4952 oppidum
1163 4883 1269 4937 Dinia’.
